% This file was created with JabRef 2.11.1.
% Encoding: ISO8859_1

@article{Anderson2004,
    author = {Anderson, R. C. and Dohm, J. M. and Haldemann, A. F. C. and Hare, T. M. and Baker, V. R.},
    journal = {Icarus},
    pages = {31--38},
    title = {Tectonic histories between {Alba Patera} and {Syria Planum}, {Mars}},
    volume = {171},
    year = {2004}
}

@Article{Carr1977,
  Title                    = {{Some Martian volcanic features as viewed from the Viking orbiters}},
  Author                   = {Carr, M. H. and Greeley, R. and Blasius, K. R. and Guest, J. E. and Murray, J. B.},
  Journal                  = {Journal of Geophysical Research},
  Year                     = {1977},
  Pages                    = {3985--4015},
  Volume                   = {82},
  Keywords                 = {remote sensing, Mars, volcanism},
  Owner                    = {jacob},
  Timestamp                = {2013.07.17}
}

@article{Cebria2011,
    author = {Cebri\'{a}, J. M. and Mart\'{\i}n-Escorza, C. and L\'{o}pez-Ruiz, J. and Mor\'{a}n-Zenteno, D. J. and Martiny, B. M.},
    doi = {10.1016/j.jvolgeores.2010.07.016},
    note = {{doi:10.1016/j.jvolgeores.2010.07.016}},
    journal = {Journal of Volcanology and Geothermal Research},
    number = {1--4},
    pages = {73--82},
    title = {{Numerical recognition of alignments in monogenetic volcanic areas: Examples from the Michoac\'{a}n-Guanajuato Volcanic Field in Mexico and Calatrava in Spain}},
    volume = {201},
    year = {2011}
}

@Article{connor2012probabilistic,
  Title                    = {Probabilistic approach to modeling lava flow inundation: a lava flow hazard assessment for a nuclear facility in Armenia},
  Author                   = {Connor, Laura J and Connor, Charles B and Meliksetian, Khachatur and Savov, Ivan},
  Journal                  = {Journal of Applied Volcanology},
  Year                     = {2012},
  Number                   = {1},
  Pages                    = {1--19},
  Volume                   = {1},
  Doi                      = {10.1186/2191-5040-1-3},
  File                     = {:/home/jacob/academic/Papers/Earth/Connor et al 2012 - Lava Flow Hazards Assessment in Armenia.pdf:PDF},
  Keywords                 = {volcanism, Earth, hazards},
  Owner                    = {jacob},
  Publisher                = {Springer},
  Timestamp                = {2013.07.17}
}

@Article{elson2007living,
  Title                    = {Living with the volcano: the 11th century AD eruption of Sunset Crater},
  Author                   = {Elson, Mark D and Ort, Michael H and Anderson, Kirk C and Heidke, James M},
  Journal                  = {Living Under the Shadow: Cultural Impacts of Volcanic Eruptions},
  Year                     = {2007},
  Pages                    = {107},
  Volume                   = {53},
  Owner                    = {jacob},
  Publisher                = {Left Coast Press},
  Timestamp                = {2016.01.25}
}

@article{gudmundsson2012magma,
  title={Magma chambers: Formation, local stresses, excess pressures, and compartments},
  author={Gudmundsson, Agust},
  journal={Journal of Volcanology and Geothermal Research},
  volume={237},
  pages={19--41},
  year={2012}
}

@InCollection{greeley1977basaltic,
  Title                    = {{Basaltic ``plains'' volcanism}},
  Author                   = {Greeley, R.},
  Booktitle                = {{Volcanism of the Eastern Snake River Plain, Idaho: A Comparative Planetary Geology Guidebook, NASA CR-154621}},
  Publisher                = {NASA},
  Year                     = {1977},
  Address                  = {Washington, D. C.},
  Editor                   = {Greeley, R. and King, J. S.},
  Pages                    = {23--44},
  Keywords                 = {Earth, volcanism},
  Owner                    = {jacob},
  Timestamp                = {2013.07.17}
}

@Article{head1992venus,
  Title                    = {Venus volcanism: Classification of volcanic features and structures, associations, and global distribution from Magellan data},
  Author                   = {Head, James W and Crumpler, LS and Aubele, Jayne C and Guest, John E and Saunders, R Stephen},
  Journal                  = {Journal of Geophysical Research: Planets},
  Year                     = {1992},
  Number                   = {E8},
  Pages                    = {13153--13197},
  Volume                   = {97},
  Owner                    = {jacob},
  Publisher                = {Wiley Online Library},
  Timestamp                = {2016.01.25}
}

@article{hill1998cerro,
  title={1995 eruptions of Cerro Negro volcano, Nicaragua, and risk assessment for future eruptions},
  author={Hill, Brittain E and Connor, Charles B and Jarzemba, Mark S and La Femina, Peter C and Navarro, M and Strauch, W},
  journal={Geological Society of America Bulletin},
  volume={110},
  number={10},
  pages={1231--1241},
  year={1998},
  publisher={Geological Society of America},
  doi={doi: 10.1130/0016-7606(1998)110<1231:EOCNVN>2.3.CO;2}
}

@Article{kadish2014middle,
  Title                    = {Middle to Late Amazonian tropical mountain glaciers on Mars: The ages of the Tharsis Montes fan-shaped deposits},
  Author                   = {Kadish, Seth J and Head, James W and Fastook, James L and Marchant, David R},
  Journal                  = {Planetary and Space Science},
  Year                     = {2014},
  Pages                    = {52--59},
  Volume                   = {91},
  Doi                      = {10.1016/j.pss.2013.12.005},
  File                     = {:Mars/Kadish et al 2014 - Amazonian tropical glaciers on Mars.pdf:PDF},
  Owner                    = {jacob},
  Timestamp                = {2015.10.07}
}

@Article{kubanek2015lava,
  Title                    = {Lava flow mapping and volume calculations for the 2012--2013 Tolbachik, Kamchatka, fissure eruption using bistatic TanDEM-X InSAR},
  Author                   = {Kubanek, Julia and Richardson, Jacob A. and Charbonnier, Sylvain J. and Connor, Laura J.},
  Journal                  = {Bulletin of Volcanology},
  Year                     = {2015},
  Number                   = {12},
  Volume                   = {77},
  Doi                      = {10.1007/s00445-015-0989-9},
  Language                 = {English},
  Owner                    = {jacob},
  Timestamp                = {2015.12.04}
}

@MastersThesis{miller2012shield,
  Title                    = {Shield fields and shield plains on venus geologic characteristics and spatial relationships},
  Author                   = {Miller, Diana M},
  School                   = {State University of New York at Buffalo},
  Year                     = {2012},
  Type                     = {Thesis (M.S.)},
  Owner                    = {jacob},
  Timestamp                = {2016.01.25}
}

@inproceedings{richardson2012comparison,
  title={Comparison of monogenetic volcano clusters on Earth, Venus, and Mars},
  author={Richardson, JA and Miller, DM and Bleacher, JE and Connor, C and Gregg, TK and Connor, LJ and Glaze, LS},
  booktitle={AGU Fall Meeting Abstracts},
  volume={1},
  pages={04},
  year={2012}
}

@ARTICLE{richardson2015sills,
  author = {Richardson, J and Connor, C. and Wetmore, P. and Connor,
	L. and Gallant, E.},
  title = {Role of sills in the development of volcanic fields: {Insights} from
	{LiDAR} mapping surveys of the {San Rafael Swell, Utah}},
  journal = {Geology},
  year = {2015},
  volume={43},
  number={11},
  pages={1023-1026},
  owner = {jacob},
  timestamp = {2015.06.25}
}

@inproceedings{richardson2015recurrence,
  title={Recurrence Rate Estimation of Distributed Volcanism in Arsia Caldera, Mars},
  author={Richardson, JA and Wilson, JA and Connor, CB and Bleacher, JE},
  booktitle={Lunar and Planetary Science Conference},
  volume={46},
  pages={2801},
  year={2015}
}

@Article{richardson2013volcanic,
  Title                    = {The volcanic history of Syria Planum, Mars},
  Author                   = {Richardson, Jacob A and Bleacher, Jacob E and Glaze, Lori S},
  Journal                  = {Journal of Volcanology and Geothermal Research},
  Year                     = {2013},
  Pages                    = {1--13},
  Volume                   = {252},
  Doi                      = {10.1016/j.jvolgeores.2012.11.007},
  File                     = {:Richardson/Richardson et al 2013 - Volcanic History of Syria Planum Mars.pdf:PDF},
  Keywords                 = {volcanism, Tharsis, Syria Planum, Mars},
  Owner                    = {jacob},
  Timestamp                = {2013.07.17}
}

@article{settle1979structure,
  title={The structure and emplacement of cinder cone fields},
  author={Settle, Mark},
  journal={American Journal of Science},
  volume={279},
  number={10},
  pages={1089--1107},
  year={1979},
  publisher={American Journal of Science},
  doi={10.2475/ajs.279.10.1089}
}

@InCollection{valentine2000basaltic,
  Title                    = {{Basaltic volcanic fields}},
  Author                   = {Valentine, G. A. and Connor, C. B.},
  Booktitle                = {Encyclopedia of Volcanoes},
  Publisher                = {Academic Press},
  Year                     = {2015},
  Address                  = {San Diego, CA},
  Editor                   = {Sigurdsson, H. and Houghton, B. and McNutt, S. and Rymer, H. and Styx, J.},
  Pages                    = {423-440},
  Keywords                 = {volcanism, Earth},
  Owner                    = {jacob},
  Timestamp                = {2015.01.17}
}

