% This file was created with JabRef 2.11.1.
% Encoding: ISO8859_1

@article{anderson2006global,
  title={Global mapping of crustal and lithospheric thickness on Venus},
  author={Anderson, F Scott and Smrekar, Suzanne E},
  journal={Journal of Geophysical Research: Planets},
  volume={111},
  number={E8},
  year={2006},
  publisher={Wiley Online Library},
  doi={0.1029/2004JE002395}
}

@article{annen2006genesis,
  title={The genesis of intermediate and silicic magmas in deep crustal hot zones},
  author={Annen, Catherine and Blundy, JD and Sparks, RSJ},
  journal={Journal of Petrology},
  volume={47},
  number={3},
  pages={505--539},
  year={2006},
  publisher={Oxford Univ Press},
  doi={10.1093/petrology/egi084}
}

@Article{baptista2008swarm,
  Title                    = {{A swarm of small shield volcanoes on Syria Planum, Mars}},
  Author                   = {Baptista, Ana R. and Mangold, Nicolas and Ansan, V\'{e}ronique and Baratoux, David and Lognonn\'{e}, Philippe and Alves, Eduardo I. and Williams, David A. and Bleacher, Jacob E. and Masson, Philippe and Neukum, Gerhard},
  Journal                  = {Journal of Geophysical Research},
  Year                     = {2008},
  Note                     = {{doi:10.1029/2007JE002945}},
  Number                   = {E9},
  Pages                    = {E09010},
  Volume                   = {113},
  Doi                      = {10.1029/2007JE002945},
  Keywords                 = {Tharsis, Syria Planum, Mars, volcanism},
  Owner                    = {jacob},
  Timestamp                = {2013.07.17}
}

@TechReport{bard2013database,
  Title                    = {Database for the Geologic Map of Newberry Volcano, Deschutes, Klamath, and Lake Counties, Oregon},
  Author                   = {Bard, Joseph A and Ramsey, David W and MacLeod, Norman S and Sherrod, David R and Chitwood, Lawrence A and Jensen, Robert A},
  Institution              = {US Geological Survey Data Series 771},
  Year                     = {2013},
  Owner                    = {jacob},
  Timestamp                = {2015.12.02}
}

@TechReport{barron2014database,
  Title                    = {Database for the geologic map of upper Eocene to Holocene volcanic and related rocks in the Cascade Range, Washington},
  Author                   = {Barron, Andrew D and Ramsey, David W and Smith, James G},
  Institution              = {US Geological Survey},
  Year                     = {2014},
  Doi                      = {10.3133/ds842},
  Owner                    = {jacob},
  Timestamp                = {2015.12.02}
}

@Article{bleacher2007tharsis,
  Title                    = {{Trends in effusive style at the Tharsis Montes, Mars, and implication for the development of the Tharsis province}},
  Author                   = {Bleacher, Jacob E. and Greeley, R. and Williams, D. A. and Cave, S. R. and Neukum, G.},
  Journal                  = {Journal of Geophysical Research},
  Year                     = {2007},
  Note                     = {{doi:10.1029/2006JE002873}},
  Pages                    = {E09005},
  Volume                   = {112},
  Doi                      = {10.1029/2006JE002873},
  Keywords                 = {Mars, Tharsis, volcanism},
  Owner                    = {jacob},
  Timestamp                = {2013.07.17}
}

@Article{bleacher2009spatial,
  Title                    = {{Spatial and alignment analyses for a field of small volcanic vents south of Pavonis Mons and implications for the Tharsis province, Mars}},
  Author                   = {Bleacher, Jacob E. and Glaze, Lori S. and Greeley, Ronald and Hauber, Ernst and Baloga, Stephen M. and Sakimoto, Susan E. H. and Williams, David A. and Glotch, Timothy D.},
  Journal                  = {Journal of Volcanology and Geothermal Research},
  Year                     = {2009},
  Number                   = {1--2},
  Pages                    = {96--102},
  Volume                   = {185},
  Doi                      = {10.1016/j.jvolgeores.2009.04.008}
}

@ARTICLE{bonafede1998porous,
  author = {Bonafede, Maurizio and Cenni, Nicola},
  title = {A porous flow model of magma migration within Mt. Etna: The influence
	of extended sources and permeability anisotropy},
  journal = {J. Volc. Geotherm. Res.},
  year = {1998},
  volume = {81},
  pages = {51--68},
  number = {1},
  owner = {jacob},
  publisher = {Elsevier},
  timestamp = {2015.06.25}
}

@Article{Carr1977,
  Title                    = {{Some Martian volcanic features as viewed from the Viking orbiters}},
  Author                   = {Carr, M. H. and Greeley, R. and Blasius, K. R. and Guest, J. E. and Murray, J. B.},
  Journal                  = {Journal of Geophysical Research},
  Year                     = {1977},
  Pages                    = {3985--4015},
  Volume                   = {82},
  Keywords                 = {remote sensing, Mars, volcanism},
  Owner                    = {jacob},
  Timestamp                = {2013.07.17}
}

@Article{crumpler1996calderas,
  Title                    = {Calderas on Mars: Characteristics, structure, and associated flank deformation},
  Author                   = {Crumpler, LS and Head, James W and Aubele, Jayne C},
  Journal                  = {Geological Society, London, Special Publications},
  Year                     = {1996},
  Number                   = {1},
  Pages                    = {307--348},
  Volume                   = {110},
  Doi                      = {10.1144/GSL.SP.1996.110.01.24},
  Owner                    = {jacob},
  Publisher                = {Geological Society of London},
  Timestamp                = {2015.10.07}
}

@Article{condit1989patterns,
  Title                    = {{Patterns of Volcanism along the Southern Margin of the Colorado Plateau: The Springerville Field}},
  Author                   = {Condit, C. D. and Crumpler, L. S. and Aubele, J. C. and Elston, W. E.},
  Journal                  = {Journal of Geophysical Research},
  Year                     = {1989},
  Number                   = {B6},
  Pages                    = {7975--7986},
  Volume                   = {94},

  Doi                      = {10.1029/JB094iB06p07975},
  File                     = {:Earth/Condit et al 1989 - Patterns of volcanism in southern Colorado Plateau - Springerville.pdf:PDF},
  Keywords                 = {Earth, volcanism},
  Owner                    = {jacob},
  Timestamp                = {2013.07.17}
}

@Article{condit2010dynamic,
  Title                    = {Dynamic Digital Map of the Springerville Volcanic Field and the DDM-Template: An example of an open-source tool to distribute maps, data, articles, and multi-media materials},
  Author                   = {Condit, Christopher D},
  Journal                  = {Geosphere},
  Year                     = {2010},
  Number                   = {4},
  Pages                    = {430--443},
  Volume                   = {6},
  Publisher                = {Geological Society of America}
}

@article{connor1987structure,
  title={Structure of the Michoac{\'a}n-Guanajuato volcanic field, Mexico},
  author={Connor, Charles B},
  journal={Journal of volcanology and geothermal research},
  volume={33},
  number={1},
  pages={191--200},
  year={1987},
  doi={10.1016/0377-0273(87)90061-8}
}

@Article{connor1990cinder,
  Title                    = {{Cinder Cone Clustering in the TransMexican Volcanic Belt: Implications for Structural and Petrologic Models}},
  Author                   = {Connor, Charles B.},
  Journal                  = {Journal of Geophysical Research},
  Year                     = {1990},
  Note                     = {{doi:10.1029/JB095iB12p19395}},
  Number                   = {B12},
  Pages                    = {19,395--19,405},
  Volume                   = {95},
  Doi                      = {10.1029/JB095iB12p19395},
  Keywords                 = {Earth, volcanism},
  Owner                    = {jacob},
  Timestamp                = {2013.07.17}
}

@Article{connor1995three,
  Title                    = {Three nonhomogeneous Poisson models for the probability of basaltic volcanism: application to the Yucca Mountain region, Nevada},
  Author                   = {Connor, Charles B and Hill, Brittain E},
  Journal                  = {Journal of Geophysical Research: Solid Earth (1978--2012)},
  Year                     = {1995},
  Number                   = {B6},
  Pages                    = {10107--10125},
  Volume                   = {100},
  Publisher                = {Wiley Online Library}
}

@article{connor2000geologic,
  title={Geologic factors controlling patterns of small-volume basaltic volcanism- Application to a volcanic hazards assessment at Yucca Mountain, Nevada},
  author={Connor, Charles B and Stamatakos, John A and Ferrill, David A and Hill, Brittain E and Ofoegbu, Goodluck I and Sagar, Budhi and Conway, FM and Trapp, John},
  journal={Journal of Geophysical Research},
  volume={105},
  pages={417--432},
  year={2000},
  doi={10.1029/1999JB900353}
}

@InCollection{connor2015probabilistic,
  Title                    = {{Probabilistic Volcanic Hazard Assessment}},
  Author                   = {Connor, C. and Bebbington, M and Marzocchi, W.},
  Booktitle                = {Encyclopedia of Volcanoes},
  Publisher                = {Academic Press},
  Year                     = {2015},
  Address                  = {San Diego, CA},
  Editor                   = {Sigurdsson, H. and Houghton, B. and McNutt, S. and Rymer, H. and Styx, J.},
  Pages                    = {897-910},
  Keywords                 = {volcanism, Earth},
  Owner                    = {jacob},
  Timestamp                = {2015.01.17}
}

@article{conway1998recurrence,
  title={Recurrence rates of basaltic volcanism in SP cluster, San Francisco volcanic field, Arizona},
  author={Conway, FM and Connor, CB and Hill, BE and Condit, CD and Mullaney, K and Hall, CM},
  journal={Geology},
  volume={26},
  number={7},
  pages={655--658},
  year={1998},
  publisher={Geological Society of America},
  doi={10.1130/0091-7613(1998)​026<0655:RROBVI>​2.3.CO;2}
}

@Article{delaney1986field,
  Title                    = {Field relations between dikes and joints: emplacement processes and paleostress analysis},
  Author                   = {Delaney, Paul T and Pollard, David D and Ziony, Joseph I and McKee, Edwin H},
  Journal                  = {Journal of Geophysical Research: Solid Earth (1978--2012)},
  Year                     = {1986},
  Number                   = {B5},
  Pages                    = {4920--4938},
  Volume                   = {91},
  Doi                      = {10.1029/JB091iB05p04920},
  File                     = {:Earth/Delaney et al 1986 - Dikes and joints.pdf:PDF},
  Keywords                 = {San Rafael, dikes},
  Owner                    = {jacob},
  Publisher                = {Wiley Online Library},
  Timestamp                = {2014.09.25}
}

@ARTICLE{delaney1997physical,
  author = {Delaney, P. and Gartner, A.},
  title = {Physical processes of shallow mafic dike emplacement near the {San
	Rafael Swell, Utah}},
  journal = {GSA Bulletin},
  year = {1997},
  volume = {109},
  pages = {1177--1192},
  number = {9},
  file = {:home/jacob/academic/Papers/Earth/Delaney and Gartner 1997 - Dike emplacement near the San Rafael.pdf:PDF},
  keywords = {dikes, San Rafael},
  owner = {jacob},
  publisher = {Geological Society of America},
  timestamp = {2014.09.25}
}

@Article{duong2007,
  Title                    = {ks: Kernel density estimation and kernel discriminant analysis for multivariate data in R},
  Author                   = {Duong, Tarn},
  Journal                  = {Journal of Statistical Software},
  Year                     = {2007},
  Number                   = {7},
  Pages                    = {1--16},
  Volume                   = {21},

  File                     = {:/home/jacob/academic/Papers/Technology/Duong 2007 - ks library in R.pdf:PDF},
  Keywords                 = {software, Statistics},
  Owner                    = {jacob},
  Timestamp                = {2013.07.17}
}

@Article{duong2003,
  Title                    = {Plug-in bandwidth matrices for bivariate kernel density estimation},
  Author                   = {Duong, Tarn and Hazelton, Martin},
  Journal                  = {Journal of Nonparametric Statistics},
  Year                     = {2003},
  Number                   = {1},
  Pages                    = {17--30},
  Volume                   = {15},

  Doi                      = {10.1080/10485250306039},
  Keywords                 = {Statistics},
  Owner                    = {jacob},
  Publisher                = {Taylor \& Francis},
  Timestamp                = {2013.07.17}
}

@article{head1992venus,
  title={Venus volcanism: Classification of volcanic features and structures, associations, and global distribution from Magellan data},
  author={Head, James W and Crumpler, LS and Aubele, Jayne C and Guest, John E and Saunders, R Stephen},
  journal={Journal of Geophysical Research: Planets},
  volume={97},
  number={E8},
  pages={13153--13197},
  year={1992},
  publisher={Wiley Online Library}
}

﻿@Article{germa2013tectonic,
author="Germa, Aur{\'e}lie and Connor, Laura J. and Ca{\~{n}}on-Tapia, Edgardo and Corvec, Nicolas",
title="Tectonic and magmatic controls on the location of post-subduction monogenetic volcanoes in Baja California, Mexico, revealed through spatial analysis of eruptive vents",
journal="Bulletin of Volcanology",
year="2013",
volume="75",
number="12",
pages="1--14",
doi="10.1007/s00445-013-0782-6",
}

@article{glaze2005statistical,
  title={Statistical distribution of tumuli on pahoehoe flow surfaces: Analysis of examples in Hawaii and Iceland and potential applications to lava flows on Mars},
  author={Glaze, LS and Anderson, SW and Stofan, ER and Baloga, S and Smrekar, SE},
  journal={Journal of Geophysical Research: Solid Earth (1978--2012)},
  volume={110},
  number={B8},
  year={2005},
  doi={10.1029/2004JB003564}
}

@InCollection{greeley1977basaltic,
  Title                    = {{Basaltic ``plains'' volcanism}},
  Author                   = {Greeley, R.},
  Booktitle                = {{Volcanism of the Eastern Snake River Plain, Idaho: A Comparative Planetary Geology Guidebook, NASA CR-154621}},
  Publisher                = {NASA},
  Year                     = {1977},
  Address                  = {Washington, D. C.},
  Editor                   = {Greeley, R. and King, J. S.},
  Pages                    = {23--44},
  Keywords                 = {Earth, volcanism},
  Owner                    = {jacob},
  Timestamp                = {2013.07.17}
}

@article{guest1992small,
  title={Small volcanic edifices and volcanism in the plains of Venus},
  author={Guest, John E and Bulmer, Mark H and Aubele, Jayne and Beratan, Kathi and Greeley, Ronald and Head, James W and Michaels, Gregory and Weitz, Catherine and Wiles, Charles},
  journal={Journal of Geophysical Research: Planets},
  volume={97},
  number={E10},
  pages={15949--15966},
  year={1992}
}


@MastersThesis{harburger2014probabilistic,
  Title                    = {Probabilistic Modeling of Lava Flows: A Hazard Assessment for the San Francisco Volcanic Field, Arizona},
  Author                   = {Harburger, Aleeza M},
  School                   = {University of South Florida},
  Year                     = {2014},
  Owner                    = {jacob},
  Timestamp                = {2015.12.02}
}

@MastersThesis{hintz2008physical,
  Title                    = {Physical volcanology and hazard analysis of a young monogenetic volcanic field: {Black Rock Desert, Utah}},
  Author                   = {Hintz, A.R.},
  School                   = {University of South Florida},
  Year                     = {2008},
  File                     = {:home/jacob/academic/Papers/Earth/Hintz 2008 - Physical volcanology and hazard analysis of Black Rock desert Utah.pdf:PDF},
  Owner                    = {jacob},
  Timestamp                = {2015.02.13}
}

@Article{kiyosugi2012relationship,
  Title                    = {Relationship between dike and volcanic conduit distribution in a highly eroded monogenetic volcanic field: {San Rafael, Utah, USA}},
  Author                   = {Kiyosugi, K. and Connor, C.B. and Wetmore, P.H. and Ferwerda, B.P. and Germa, A.M. and Connor, L.J. and Hintz, A.R.},
  Journal                  = {Geology},
  Year                     = {2012},
  Number                   = {8},
  Pages                    = {695--698},
  Volume                   = {40},
  Doi                      = {10.1130/G33074.1},
  File                     = {:/home/jacob/academic/Papers/Earth/Kiyosugi et al 2012 - San Rafael Volcanic Field.pdf:PDF},
  Keywords                 = {Earth, volcanism, dikes, conduits, San Rafael},
  Owner                    = {jacob},
  Publisher                = {Geological Society of America},
  Timestamp                = {2013.07.17}
}

@Article{kiyosugi2010relationships,
  Title                    = {Relationships between volcano distribution, crustal structure, and P-wave tomography: an example from the Abu Monogenetic Volcano Group, SW Japan},
  Author                   = {Kiyosugi, Koji and Connor, CB and Zhao, D and Connor, LJ and Tanaka, K},
  Journal                  = {Bulletin of volcanology},
  Year                     = {2010},
  Number                   = {3},
  Pages                    = {331--340},
  Volume                   = {72},
  Publisher                = {Springer}
}

@Article{lister1991fluid,
  Title                    = {Fluid-mechanical models of crack propagation and their application to magma transport in dykes},
  Author                   = {Lister, J.R. and Kerr, R.C.},
  Journal                  = {Journal of Geophysical Research: Solid Earth},
  Year                     = {1991},
  Number                   = {B6},
  Pages                    = {10049--10077},
  Volume                   = {96},

  Doi                      = {10.1029/91JB00600},
  File                     = {:home/jacob/academic/Papers/Earth/Lister and Kerr 1991 - Fluid-mechanical models of crack propagation.pdf:PDF},
  Owner                    = {jacob},
  Publisher                = {Wiley Online Library},
  Timestamp                = {2015.02.13}
}

@Article{lutz1995improved,
  Title                    = {{An improved method for determining and characterizing alignments of pointlike features and its implications for the Pinacate volcanic field, Sonora, Mexico}},
  Author                   = {Lutz, Timothy M. and Gutmann, James T.},
  Journal                  = {Journal of Geophysical Research},
  Year                     = {1995},
  Note                     = {{doi:10.1029/95JB01058}},
  Number                   = {B9},
  Pages                    = {17,659--17,670},
  Volume                   = {100},
  Doi                      = {10.1029/95JB01058},
  Keywords                 = {Earth, Statistics, volcanism},
  Owner                    = {jacob},
  Timestamp                = {2013.07.17}
}

@ARTICLE{marshall2015subsurface,
  author = {Anita Marshall and Charles Connor and Sarah Kruse and Rocco Malservisi and Richardson, J and Leah Courtland and Laura Connor and James Wilson and Makan Karegar},
  title = {Subsurface structure of a maar-diatreme and associated tuff ring from a high-resolution geophysical survey, {Rattlesnake Crater, Arizona}},
  journal = {Journal of Volcanology and Geothermal Research},
  year = {Submitted},
  owner = {jacob},
  timestamp = {2015.06.30}
}

@MastersThesis{miller2012shield,
  Title                    = {Shield fields and shield plains on venus geologic characteristics and spatial relationships},
  Author                   = {Miller, Diana M},
  School                   = {State University of New York at Buffalo},
  Year                     = {2012},
  Type                     = {Thesis (M.S.)}
}

@article{hebert2010generation,
  title={Generation of permeability barriers during melt extraction at mid-ocean ridges},
  author={Hebert, Laura B and Mont{\'e}si, Laurent GJ},
  journal={Geochemistry, Geophysics, Geosystems},
  volume={11},
  number={12},
  year={2010},
  publisher={Wiley Online Library},
  doi={10.1029/2010GC003270}
}

@article{neumann2004crustal,
  title={Crustal structure of Mars from gravity and topography},
  author={Neumann, GA and Zuber, MT and Wieczorek, MA and McGovern, PJ and Lemoine, FG and Smith, DE},
  journal={Journal of Geophysical Research: Planets},
  volume={109},
  number={E8},
  year={2004},
  publisher={Wiley Online Library},
  doi={10.1029/2004JE002262}
}
  
@inproceedings{richardson2012comparison,
  title={Comparison of monogenetic volcano clusters on Earth, Venus, and Mars},
  author={Richardson, JA and Miller, DM and Bleacher, JE and Connor, C and Gregg, TK and Connor, LJ and Glaze, LS},
  booktitle={AGU Fall Meeting Abstracts},
  volume={1},
  pages={04},
  year={2012}
}

@Article{richardson2013volcanic,
  Title                    = {The volcanic history of Syria Planum, Mars},
  Author                   = {Richardson, Jacob A and Bleacher, Jacob E and Glaze, Lori S},
  Journal                  = {Journal of Volcanology and Geothermal Research},
  Year                     = {2013},
  Pages                    = {1--13},
  Volume                   = {252}
}



@ARTICLE{richardson2015sills,
  author = {Richardson, J and Connor, C. and Wetmore, P. and Connor,
	L. and Gallant, E.},
  title = {Role of sills in the development of volcanic fields: {Insights} from
	{LiDAR} mapping surveys of the {San Rafael Swell, Utah}},
  journal = {Geology},
  year = {2015},
  volume={43},
  number={11},
  pages={1023-1026},
  owner = {jacob},
  timestamp = {2015.06.25}
}

@Article{rubin1995propagation,
  Title                    = {Propagation of magma-filled cracks},
  Author                   = {Rubin, A.M.},
  Journal                  = {Annual Review of Earth and Planetary Sciences},
  Year                     = {1995},
  Pages                    = {287--336},
  Volume                   = {23},

  Doi                      = {10.1146/annurev.ea.23.050195.001443},
  File                     = {:home/jacob/academic/Papers/Earth/Rubin 1995 - Dike propagation.pdf:PDF},
  Owner                    = {jacob},
  Timestamp                = {2015.02.13}
}

@article{settle1979structure,
  title={The structure and emplacement of cinder cone fields},
  author={Settle, Mark},
  journal={American Journal of Science},
  volume={279},
  number={10},
  pages={1089--1107},
  year={1979},
  publisher={American Journal of Science},
  doi={10.2475/ajs.279.10.1089}
}


@Book{silverman1986density,
  Title                    = {Density estimation for statistics and data analysis},
  Author                   = {Silverman, Bernard W},
  Publisher                = {Chapman and Hall},
  Year                     = {1986},
  Series                   = {Monographs on Statistics and Applied Probability},
  Volume                   = {26},

  Owner                    = {jacob},
  Timestamp                = {2013.09.08}
}

@article{tamura2002hot,
  title={Hot fingers in the mantle wedge: new insights into magma genesis in subduction zones},
  author={Tamura, Yoshihiko and Tatsumi, Yoshiyuki and Zhao, Dapeng and Kido, Yukari and Shukuno, Hiroshi},
  journal={Earth and Planetary Science Letters},
  volume={197},
  number={1},
  pages={105--116},
  year={2002},
  publisher={Elsevier},
  doi={10.1016/S0012-821X(02)00465-X}
}
  
@Article{tanaka1986migration,
  Title                    = {Migration of volcanism in the San Francisco volcanic field, Arizona},
  Author                   = {Tanaka, Kenneth L and Shoemaker, Eugene M and Ulrich, George E and Wolfe, Edward W},
  Journal                  = {Geological Society of America Bulletin},
  Year                     = {1986},
  Number                   = {2},
  Pages                    = {129--141},
  Volume                   = {97},
  Doi                      = {10.1130/0016-7606(1986)97<129:MOVITS>2.0.CO;2},
  File                     = {:Earth/Tanaka et al 1986 - Migration of volcanism in the San Francisco volcanic field.pdf:PDF},
  Owner                    = {jacob},
  Publisher                = {Geological Society of America},
  Timestamp                = {2015.01.26}
}

@Article{uslular2015size,
  Title                    = {Size-distribution of scoria cones within the E{\u{g}}rikuyu Monogenetic Field (Central Anatolia, Turkey)},
  Author                   = {Uslular, G and Gen{\c{c}}alio{\u{g}}lu-Ku{\c{s}}cu, G and Arcasoy, A},
  Journal                  = {Journal of Volcanology and Geothermal Research},
  Year                     = {2015},
  Doi                      = {10.1016/j.jvolgeores.2015.05.006},
  Owner                    = {jacob},
  Timestamp                = {2015.12.02}
}

@article{wand1993comparison,
  title={Comparison of smoothing parameterizations in bivariate kernel density estimation},
  author={Wand, MP and Jones, MC},
  journal={Journal of the American Statistical Association},
  volume={88},
  number={422},
  pages={520--528},
  year={1993},
	doi={10.1080/01621459.1993.10476303}
}
