@article{Anderson2001,
    author = {Anderson, R. C. and Dohm, J. M. and Golembek, M. P. and Haldemann, A. F. C. and Franklin, B. J. and Tanaka, K. L. and Lias, J. and Peer, B.},
    journal = {Journal of Geophysical Research},
    pages = {20,563--20,585},
    title = {Primary centers and secondary concentrations of tectonic activity through time in the western hemisphere of {Mars}},
    volume = {106},
    number = {E9},
    year = {2001}
}

@INPROCEEDINGS{Anderson2002,
   author = {{Anderson}, R.~C. and {Dohm}, J.~M. and {Haldemann}, A.~F.~C. and 
	{Hare}, T.},
    title = "{Comparative Investigation of the Geological Histories Among Alba Patera and Syria Planum, Mars}",
booktitle = {Lunar and Planetary Institute Science Conference Abstracts},
     year = 2002,
   series = {Lunar and Planetary Institute Science Conference Abstracts},
   volume = 33,
    month = mar,
    pages = {1811},
   adsurl = {http://adsabs.harvard.edu/abs/2002LPI....33.1811A},
  adsnote = {Provided by the SAO/NASA Astrophysics Data System}
}

@article{Anderson2004,
    author = {Anderson, R. C. and Dohm, J. M. and Haldemann, A. F. C. and Hare, T. M. and Baker, V. R.},
    journal = {Icarus},
    pages = {31--38},
    title = {Tectonic histories between {Alba Patera} and {Syria Planum}, {Mars}},
    volume = {171},
    year = {2004}
}

@article{Baloga2007,
    author = {Baloga, S. M. and Glaze, L. S. and Bruno, B. C.},
    doi = {10.1029/2005JE002652},
    note = {{doi:10.1029/2005JE002652}},
    journal = {Journal of Geophysical Research},
    number = {E3},
    pages = {E03002},
    title = {{Nearest-neighbor analysis of small features on {Mars}: Applications to tumuli and rootless cones}},
    volume = {112},
    year = {2007}
}

@article{Baptista2008,
    author = {Baptista, Ana R. and Mangold, Nicolas and Ansan, V\'{e}ronique and Baratoux, David and Lognonn\'{e}, Philippe and Alves, Eduardo I. and Williams, David A. and Bleacher, Jacob E. and Masson, Philippe and Neukum, Gerhard},
    doi = {10.1029/2007JE002945},
    note = {{doi:10.1029/2007JE002945}},
    journal = {Journal of Geophysical Research},
    number = {E9},
    pages = {E09010},
    title = {{A swarm of small shield volcanoes on Syria Planum, Mars}},
    volume = {113},
    year = {2008}
}

@article{Baratoux2009,
    author = {Baratoux, D. and Pinet, P. and Toplis, M. J. and Mangold, N. and Greeley, R. and Baptista, A. R.},
    doi = {10.1016/j.jvolgeores.2009.05.003},
    note = {{doi:10.1016/j.jvolgeores.2009.05.003}},
    journal = {Journal of Volcanology and Geothermal Research},
    number = {1-2},
    pages = {47-68},
    title = {{Shape, rheology and emplacement times of small martian shield volcanoes}},
    volume = {185},
    year = {2009}
}

@article{Beggan2010,
    author = {Beggan, Ciar\'{a}n and Hamilton, Christopher W.},
    day = {21},
    doi = {10.1016/j.cageo.2009.09.003},
    note = {{doi:10.1016/j.cageo.2009.09.003}},
    journal = {Computers \& Geosciences},
    number = {4},
    pages = {539-549},
    title = {{New image processing software for analyzing object size-frequency distributions, geometry, orientation, and spatial distribution}},
    volume = {36},
    year = {2010}
}

@article{Bishop2007,
    author = {Bishop, M.},
    doi = {10.1111/j.1475-4762.2007.00729.x},
    note = {{doi:10.1111/j.1475-4762.2007.00729.x}},
    journal = {Area},
    number = {2},
    pages = {230-241},
    publisher = {Blackwell Publishing Ltd},
    title = {{Point pattern analysis of eruption points for the Mount Gambier volcanic sub-province: a quantitative geographical approach to the understanding of volcano distribution}},
    volume = {39},
    year = {2007}
}

@article{Bishop2008,
    author = {Bishop, M.},
    doi = {10.1016/j.icarus.2008.04.003},
    note = {{doi:10.1016/j.icarus.2008.04.003}},
    journal = {Icarus},
    number = {1},
    pages = {73-83},
    title = {{Higher-order neighbor analysis of the Tartarus Colles cone groups, Mars: The application of geographical indices to the understanding of cone pattern evolution}},
    volume = {197},
    year = {2008}
}

@article{Bleacher2007,
    author = {Bleacher, Jacob E. and Greeley, R. and Williams, D. A. and Cave, S. R. and Neukum, G.},
    doi = {10.1029/2006JE002873},
    note = {{doi:10.1029/2006JE002873}},
    journal = {Journal of Geophysical Research},
    pages = {E09005},
    title = {{Trends in effusive style at the Tharsis Montes, Mars, and implication for the development of the Tharsis province}},
    volume = {112},
    year = {2007}
}

@article{Bleacher2008,
    author = {Bleacher, Jacob E. and Greeley, Ronald},
    doi = {10.1029/2006JB004661},
    note = {{doi:10.1029/2006JB004661}},
    journal = {Journal of Geophysical Research},
    pages = {B09208},
    title = {{Relating volcano morphometry to the developmental progression of Hawaiian shield volcanoes through slope and hypsometric analyses of SRTM data}},
    volume = {113},
    year = {2008}
}

@article{Bleacher2009,
    author = {Bleacher, Jacob E. and Glaze, Lori S. and Greeley, Ronald and Hauber, Ernst and Baloga, Stephen M. and Sakimoto, Susan E. H. and Williams, David A. and Glotch, Timothy D.},
    doi = {10.1016/j.jvolgeores.2009.04.008},
    note = {{doi:10.1016/j.jvolgeores.2009.04.008}},
    journal = {Journal of Volcanology and Geothermal Research},
    number = {1--2},
    pages = {96--102},
    title = {{Spatial and alignment analyses for a field of small volcanic vents south of Pavonis Mons and implications for the Tharsis province, Mars}},
    volume = {185},
    year = {2009}
}

@article{Broz2012,
title = {{A unique volcanic field in Tharsis, Mars: Pyroclastic cones as evidence for explosive eruptions}},
journal = "Icarus",
volume = "218",
number = "1",
pages = "88 - 99",
year = "2012",
issn = "0019-1035",
doi = "10.1016/j.icarus.2011.11.030",
note = {{doi:10.1016/j.icarus.2011.11.030}},
url = "http://www.sciencedirect.com/science/article/pii/S001910351100457X",
author = "P. {Bro\v{z}} and E. Hauber",
keywords = "Mars",
keywords = "Mars, Surface",
keywords = "Volcanism"
}

@article{Carr1977,
    author = {Carr, M. H. and Greeley, R. and Blasius, K. R. and Guest, J. E. and Murray, J. B.},
    journal = {Journal of Geophysical Research},
    pages = {3985--4015},
    title = {{Some Martian volcanic features as viewed from the Viking orbiters}},
    volume = {82},
    year = {1977}
}

@article{Cebria2011,
    author = {Cebri\'{a}, J. M. and Mart\'{\i}n-Escorza, C. and L\'{o}pez-Ruiz, J. and Mor\'{a}n-Zenteno, D. J. and Martiny, B. M.},
    doi = {10.1016/j.jvolgeores.2010.07.016},
    note = {{doi:10.1016/j.jvolgeores.2010.07.016}},
    journal = {Journal of Volcanology and Geothermal Research},
    number = {1--4},
    pages = {73--82},
    title = {{Numerical recognition of alignments in monogenetic volcanic areas: Examples from the Michoac\'{a}n-Guanajuato Volcanic Field in Mexico and Calatrava in Spain}},
    volume = {201},
    year = {2011}
}

@article{Christensen2004,
    author = {Christensen, Philip and Jakosky, Bruce and Kieffer, Hugh and Malin, Michael and McSween, Harry and Nealson, Kenneth and Mehall, Greg and Silverman, Steven and Ferry, Steven and Caplinger, Michael and Ravine, Michael},
    doi = {10.1023/B:SPAC.0000021008.16305.94},
    note = {{doi:10.1023/B:SPAC.0000021008.16305.94}},
    journal = {Space Science Reviews},
    number = {1},
    pages = {85--130},
    publisher = {Springer Netherlands},
    title = {{The Thermal Emission Imaging System (THEMIS) for the Mars 2001 Odyssey Mission}},
    volume = {110},
    year = {2004}
}

@article{Clark1954,
    author = {Clark, Philip J. and Evans, Francis C.},
    doi = {10.2307/1931034},
    note = {{doi:10.2307/1931034}},
    journal = {Ecology},
    number = {4},
    pages = {445--453},
    publisher = {Ecological Society of America},
    title = {{Distance to Nearest Neighbor as a Measure of Spatial Relationships in Populations}},
    volume = {35},
    year = {1954}
}

@article{Condit1989,
    author = {Condit, C. D. and Crumpler, L. S. and Aubele, J. C. and Elston, W. E.},
    journal = {Journal of Geophysical Research},
    pages = {7975--7986},
    title = {{Patterns of Volcanism along the Southern Margin of the Colorado Plateau: The Springerville Field}},
    volume = {94},
    number = {B6},
    year = {1989}
}

@misc{Condit1999,
    author = {Condit, C. D. and Crumpler, L. S. and Aubele, J. C.},
    howpublished = {USGS Miscellaneous Investigations Series Map I-2431},
    title = {{Lithologic, Age Group, Magnetopolarity, and geochecmical maps of the Springerville Volcanic Field, East-Central Arizona}},
    year = {1999}
}

@article{Connor1990,
    author = {Connor, Charles B.},
    doi = {10.1029/JB095iB12p19395},
    note = {{doi:10.1029/JB095iB12p19395}},
    journal = {Journal of Geophysical Research},
    number = {B12},
    pages = {19,395--19,405},
    title = {{Cinder Cone Clustering in the TransMexican Volcanic Belt: Implications for Structural and Petrologic Models}},
    volume = {95},
    year = {1990}
}

@incollection{Connor2000,
    address = {San Diego, CA},
    author = {Connor, C. B. and Conway, M. F.},
    booktitle = {Encyclopedia of Volcanoes},
    editor = {Sigurdsson, H.},
    pages = {331--343},
    publisher = {Academic Press},
    title = {{Basaltic volcanic fields}},
    year = {2000}
}

@article{Connerney2005,
    author = {Connerney, J. E. P. and Acuna, M. H. and Ness, N. F. and Kletetschka, G. and Mitchell, D. L. and Lin, R. P. and Reme, H.},
    journal = {Proceedings of the National Academy of Science},
    pages = {14,970--14,974},
    title = {{Tectonic implications of Mars crustal magnetism}},
    volume = {102},
    number = {42},
    year = {2005}
}

@article{Dohm1999,
title = {{Geology of the Thaumasia region, Mars: plateau development, valley origins, and magmatic evolution}},
journal = "Planetary and Space Science",
volume = "47",
number = "3â€“4",
pages = "411 - 431",
year = "1999",
issn = "0032-0633",
doi = "10.1016/S0032-0633(98)00141-X",
note = {{doi:10.1016/S0032-0633(98)00141-X}},
url = "http://www.sciencedirect.com/science/article/pii/S003206339800141X",
author = "James M. Dohm and Kenneth L. Tanaka"
}

@incollection{Greeley1977,
    address = {Washington, D. C.},
    author = {Greeley, R.},
    booktitle = {{Volcanism of the Eastern Snake River Plain, Idaho: A Comparative Planetary Geology Guidebook, NASA CR-154621}},
    editor = {Greeley, R. and King, J. S.},
    pages = {23--44},
    publisher = {NASA},
    title = {{Basaltic ``plains'' volcanism}},
    year = {1977}
}

@article{Greeley1981,
    author = {Greeley, R. and Spudis, P. D.},
    journal = {Reviews of Geophysics and Space Physics},
    pages = {13--41},
    title = {{Volcanism on Mars}},
    volume = {19},
    year = {1981}
}

@article{Greeley1982,
    author = {Greeley, Ronald},
    doi = {10.1029/JB087iB04p02705},
    note = {{doi:10.1029/JB087iB04p02705}},
    journal = {Journal of Geophysical Research},
    number = {B4},
    pages = {2705-2712},
    title = {{The Snake River Plain, Idaho: Representative of a new category of volcanism}},
    volume = {87},
    year = {1982}
}

@article{Hamilton2011,
    author = {Hamilton, Christopher W. and Fagents, Sarah A. and Thordarson, Thorvaldur},
    doi = {10.1029/2010JE003657},
    note = {{doi:10.1029/2010JE003657}},
    journal = {Journal of Geophysical Research},
    number = {E3},
    pages = {E03004},
    title = {{Lavaâ€“ground ice interactions in Elysium Planitia, Mars: Geomorphological and geospatial analysis of the Tartarus Colles cone groups}},
    volume = {116},
    year = {2011}
}

@article{Hamilton2010,
    author = {Hamilton, Christopher W. and Fagents, Sarah A. and Wilson, Lionel},
    doi = {10.1029/2009JE003546},
    note = {{doi:10.1029/2009JE003546}},
    journal = {Journal of Geophysical Research},
    number = {E9},
    pages = {E09006},
    title = {{Explosive lava-water interactions in Elysium Planitia, Mars: Geologic and thermodynamic constraints on the formation of the Tartarus Colles cone groups}},
    volume = {115},
    year = {2010}
}

@article{Hartmann2005,
title = {{Martian cratering 8: Isochron refinement and the chronology of {Mars}}},
journal = "Icarus",
volume = "174",
number = "2",
pages = "294 - 320",
year = "2005",
issn = "0019-1035",
doi = "10.1016/j.icarus.2004.11.023",
note = {{doi:10.1016/j.icarus.2004.11.023}},
url = "http://www.sciencedirect.com/science/article/pii/S0019103504004130",
author = "William K. Hartmann",
keywords = "Mars",
keywords = "Cratering",
keywords = "Volcanism"
}

ï»¿@article {Hartmann2001,
   author = {Hartmann, William K. and Neukum, Gerhard},
   title = {Cratering Chronology and the Evolution of {Mars}},
   journal = {Space Science Reviews},
   publisher = {Springer Netherlands},
   issn = {0038-6308},
   keyword = {Physics and Astronomy},
   pages = {165-194},
   volume = {96},
   issue = {1},
   url = {http://dx.doi.org/10.1023/A:1011945222010},
   note = {{doi:10.1023/A:1011945222010}},
   year = {2001}
}

@article{Hauber2009,
    author = {Hauber, Ernst and Bleacher, Jacob and Gwinner, Klaus and Williams, David and Greeley, R.},
    doi = {10.1016/j.jvolgeores.2009.04.015},
    note = {{doi:10.1016/j.jvolgeores.2009.04.015}},
    journal = {Journal of Volcanology and Geothermal Research},
    number = {1--2},
    pages = {69-95},
    title = {{The topography and morphology of low shields and associated landforms of plains volcanism in the Tharsis region of Mars}},
    volume = {185},
    year = {2009}
}

@article{Hauber2011,
    author = {Hauber, E. and Bro\v{z}, P. and Jagert, F. and Jod\l~owski, P. and Platz, T.},
    doi = {10.1029/2011GL047310},
    note = {{doi:10.1029/2011GL047310}},
    journal = {Geophysical Research Letters},
    pages = {L10201},
    title = {{Very recent and wide-spread basaltic volcanism on Mars}},
    volume = {38},
    year = {2011}
}

@incollection{Head1981,
    address = {New York},
    author = {Head, J. W. and Bryan, W. B. and Greeley, R. and Guest, J. E. and Shultz, P. H., and Sparks, R. S. J. and Walker, G. P. L. and Whitford-Stark, J. L. and Wood, C. A. and Carr, M. H.},
    booktitle = {{Basaltic Volcanism on the Terrestrial Planets}},
    editor = {{W. M. Kaula, et al.}},
    pages = {702--887},
    publisher = {{Pergamon Press Inc.}},
    title = {{Basaltic volcanic fields}},
    year = {1981}
}

@misc{Hodges1994,
    author = {Hodges, C. A. and Moore, H. J.},
    howpublished = {U. S. Govt. Printing Office, Washington, D. C.},
    title = {{Atlas of Volcanic Landforms on Mars, USGS Prof. Paper 1534}},
    pages = {194},
    year = {1994}
}

@article{Ivanov2001,
    author = {Ivanov, Boris A.},
    doi = {10.1023/A:1011941121102},
    note = {{doi:10.1023/A:1011941121102}},
    journal = {Space Science Reviews},
    pages = {87--104},
    publisher = {Springer Netherlands},
    title = {{Mars/Moon Cratering Rate Ratio Estimates}},
    volume = {96},
    year = {2001}
}

@article{Keszthelyi2008,
    author = {Keszthelyi, Laszlo and Jaeger, Windy and McEwen, Alfred and Tornabene, Livio and Beyer, Ross A. and Dundas, Colin and Milazzo, Moses},
    doi = {10.1029/2007JE002968},
    note = {{doi:10.1029/2007JE002968}},
    journal = {Journal of Geophysical Research},
    number = {E4},
    pages = {E04005},
    title = {{High Resolution Imaging Science Experiment (HiRISE) images of volcanic terrains from the first 6 months of the Mars Reconnaissance Orbiter Primary Science Phase}},
    volume = {113},
    year = {2008}
}

@misc{Lillis2006,
    author = {Lillis, R.},
    howpublished = {Department of Physics, UC Berkeley},
    title = {{Electron reflectometry as a probe of the Martian crust and atmosphere, doctoral thesis}},
    year = {2006}
}

@article{Lillis2009,
    author = {Lillis, Robert J. and Dufek, Josef and Bleacher, Jacob E. and Manga, Michael},
    doi = {10.1016/j.jvolgeores.2008.12.007},
    note = {{doi:10.1016/j.jvolgeores.2008.12.007}},
    journal = {Journal of Volcanology and Geothermal Research},
    number = {1-2},
    pages = {123--138},
    title = {{Demagnetization of crust by magmatic intrusion near the Arsia Mons volcano: Magnetic and thermal implications for the development of the Tharsis province, Mars}},
    volume = {185},
    year = {2009}
}

@article{Lutz1986,
    author = {Lutz, Timothy M.},
    doi = {10.1029/JB091iB01p00421},
    note = {{doi:10.1029/JB091iB01p00421}},
    journal = {Journal of Geophysical Research},
    number = {B1},
    pages = {421--434},
    title = {{An Analysis of the Orientations of Large-scale Crustal Structures:A Statistical Approach Based on Areal Distributions of Pointlike Features}},
    volume = {91},
    year = {1986}
}

@article{Lutz1995,
    author = {Lutz, Timothy M. and Gutmann, James T.},
    year = {1995},
    doi = {10.1029/95JB01058},
    note = {{doi:10.1029/95JB01058}},
    journal = {Journal of Geophysical Research},
    number = {B9},
    pages = {17,659--17,670},
    title = {{An improved method for determining and characterizing alignments of pointlike features and its implications for the Pinacate volcanic field, Sonora, Mexico}},
    volume = {100}
}

@article{Malin2007,
    author = {Malin, Michael C. and Bell, James F. and Cantor, Bruce A. and Caplinger, Michael A. and Calvin, Wendy M. and Clancy, R. Todd and Edgett, Kenneth S. and Edwards, Lawrence and Haberle, Robert M. and James, Philip B. and Lee, Steven W. and Ravine, Michael A. and Thomas, Peter C. and Wolff, Michael J.},
    doi = {10.1029/2006JE002808},
    note = {{doi:10.1029/2006JE002808}},
    journal = {Journal of Geophysical Research},
    number = {E5},
    pages = {E05S04},
    title = {{Context Camera Investigation on board the Mars Reconnaissance Orbiter}},
    volume = {112},
    year = {2007}
}

@article{Mege1996,
    author = {Mege, D. and Masson, P.},
    journal = {Planetary and Space Science},
    pages = {1499--1546},
    title = {{A plume tectonics model for the Tharsis Province, Mars}},
    volume = {44},
    year = {1996}
}

@article{Michael2010,
title = {{Planetary surface dating from crater size--frequency distribution measurements: Partial resurfacing events and statistical age uncertainty}},
journal = "Earth and Planetary Science Letters",
volume = "294",
number = "3Ã¢â‚¬â€œ4",
pages = "223 - 229",
year = "2010",
issn = "0012-821X",
doi = "10.1016/j.epsl.2009.12.041",
note = {{doi:10.1016/j.epsl.2009.12.041}},
url = "http://www.sciencedirect.com/science/article/pii/S0012821X1000004X",
author = "G.G. Michael and G. Neukum",
keywords = "crater counting",
keywords = "surface dating",
keywords = "moon",
keywords = "Mars",
keywords = "resurfacing",
keywords = "age uncertainty"
}

@article{Moore2007,
    author = {Moore, J. G. and Mark, R. K.},
    journal = {GSA Today},
    number = {11},
    pages = {257--262},
    title = {{Morphology of the Island of Hawaii}},
    volume = {2},
    year = {1992}
}

@incollection{MouginisMark1992,
    address = {Tucson},
    author = {Mouginis-Mark, P. J. and Wilson, L. and Zuber, M. T.},
    booktitle = {Mars},
    editor = {{H. H. Kieffer, et al.}},
    pages = {424--452},
    publisher = {The University of Arizona Press},
    title = {{The physical volcanology of Mars}},
    year = {1992}
}

@article{Neukum2004,
    author = {Neukum, G. and Jaumann, R. and Hoffmann, H. and Hauber, E. and Head, J. W. and Basilevsky, A. T. and Ivanov, B. A. and Werner, S. C. and van Gasselt, S. and Murray, J. B. and McCord, T. and TeamThe, H. R. S. Co-Investigator C.},
    doi = {10.1038/nature03231},
    note = {{doi:10.1038/nature03231}},
    journal = {Nature},
    number = {7020},
    pages = {971--979},
    publisher = {Nature Publishing Group},
    title = {{Recent and episodic volcanic and glacial activity on Mars revealed by the High Resolution Stereo Camera}},
    url = {http://dx.doi.org/10.1038/nature03231},
    volume = {432},
    year = {2004}
}

@article{ONeill2007,
    author = {O'Neill, C. and Lenardic, A. and Jellinek, A. M. and Kiefer, W. S.},
    doi = {10.1029/2006JE002799},
    note = {{doi:10.1029/2006JE002799}},
    journal = {Journal of Geophysical Research},
    number = {E7},
    pages = {E07003+},
    posted-at = {2012-04-08 21:15:21},
    priority = {2},
    title = {{Melt propagation and volcanism in mantle convection simulations, with applications for Martian volcanic and atmospheric evolution}},
    url = {http://dx.doi.org/10.1029/2006JE002799},
    volume = {112},
    year = {2007}
}

@article{Plescia1982,
    author = {Plescia, J. B. and Saunders, R. S.},
    journal = {Journal of Geophysical Research},
    pages = {9775--9791},
    title = {{Tectonic history of the Tharsis region, Mars}},
    volume = {87},
    number = {B12},
    year = {1982}
}

@article{Plescia2004,
    author = {Plescia, J. B.},
    doi = {10.1029/2002JE002031},
    note = {{doi:10.1029/2002JE002031}},
    journal = {Journal of Geophysical Research},
    number = {E3},
    pages = {E03003},
    title = {{Morphometric properties of Martian volcanoes}},
    volume = {109},
    year = {2004}
}

@INPROCEEDINGS{Richardson2010,
   author = {{Richardson}, J.~A. and {Bleacher}, J.~E. and {Baptista}, A.~R.
	},
    title = "{{Identification of Volcanic Ridge in Northern Syria Planum, Mars: Constraint on Geologic History of Syria}}",
booktitle = {Lunar and Planetary Institute Science Conference Abstracts},
     year = 2010,
   series = {Lunar and Planetary Inst. Technical Report},
   volume = 41,
    month = mar,
    pages = {1427},
   adsurl = {http://adsabs.harvard.edu/abs/2010LPI....41.1427R},
  adsnote = {Provided by the SAO/NASA Astrophysics Data System}
}

@article{Roberts2011,
author = {Roberts, Katie S. and Davies, Richard J. and Stewart, Simon A. and Tingay, Mark}, 
title = {{Structural controls on mud volcano vent distributions: examples from Azerbaijan and Lusi, east Java}}, 
volume = {168}, 
number = {4}, 
pages = {1013-1030}, 
year = {2011}, 
doi = {10.1144/0016-76492010-158}, 
note = {{doi:10.1144/0016-76492010-158}},
URL = {http://jgs.lyellcollection.org/content/168/4/1013.abstract}, 
eprint = {http://jgs.lyellcollection.org/content/168/4/1013.full.pdf+html}, 
journal = {Journal of the Geological Society} 
}

@incollection{Rowland2000,
    address = {Washington, D. C.},
    author = {Rowland, S. K. and Garbeil, H.},
    booktitle = {{Remote Sensing of Active Volcanism, Geophys. Monogr. Ser.}},
    editor = {{P. J. Mouginis-Mark, et al.}},
    volume = {116},
    publisher = {AGU},
    title = {{Slopes of oceanic basalt volcanoes}},
    year = {2000},
    doi = {10.1029/GM116p0223},
    note = {{doi:10.1029/GM116p0223}}
}

@INPROCEEDINGS{Sakimoto2003,
   author = {{Sakimoto}, S.~E.~H. and {Gregg}, T.~K.~P. and {Hughes}, S.~S. and 
	{Chadwick}, J.},
    title = {{Re-Assessing Plains-style Volcanism on Mars}},
booktitle = {{Sixth International Conference on Mars}},
     year = 2003,
   editor = "{A.~L.~Albee \& H.~H.~Kieffer}",
    month = jul,
    pages = {3197},
   adsurl = {http://adsabs.harvard.edu/abs/2003mars.conf.3197S},
  adsnote = {Provided by the SAO/NASA Astrophysics Data System}
}

@misc{Scott1986,
    author = {Scott, D. H. and Tanaka, K. L.},
    howpublished = {USGS Miscellaneous Investigations Series Map Iâ€“1802â€“A},
    title = {{Geologic map of the Western Equatorial region of Mars}},
    year = {1986}
}

@article{Scott2003,
    author = {Scott, Eve and Wilson, Lionel},
    doi = {10.1029/2002JE001492},
    note = {{doi:10.1029/2002JE001492}},
    journal = {Journal of Geophysical Research},
    number = {E5},
    pages = {5035+},
    title = {{Did the Alba Patera and Syria Planum regions of Mars lose their lithospheric roots in convective overturn events?}},
    url = {http://dx.doi.org/10.1029/2002JE001492},
    volume = {108},
    year = {2003}
}

@misc{Smith2003,
    author = {Smith, D. E. and M. T. Zuber and G. A. Neumann and E. A. Guinness and S. Slavney},
    title = {{Mars Global Surveyor Laser Altimeter Mission Experiment Gridded Data Record.}},
    howpublished = {NASA Planetary Data System, MGS-M-MOLA-5-MEGDR-L3-V1.0.},
    year = {2003}
}

@article{Tanaka1988,
    author = {Tanaka, Kenneth L. and Davis, Philip A.},
    doi = {10.1029/JB093iB12p14893},
    note = {{doi:10.1029/JB093iB12p14893}},
    journal = {Journal of Geophysical Research},
    number = {B12},
    pages = {14,893--14,917},
    title = {{Tectonic History of the Syria Planum Province of Mars}},
    volume = {93},
    year = {1988}
}

@article{Wadge1988,
    author = {Wadge, G. and Cross, A.},
    doi = {10.1130/0091-7613(1988)016$<$0815:QMFDAP$>$2.3.CO;2},
    note = {{doi:10.1130/0091-7613(1988)016$<$0815:QMFDAP$>$2.3.CO;2}},
    journal = {Geology},
    number = {9},
    pages = {815--818},
    title = {{Quantitative methods for detecting aligned points: An application to the volcanic vents of the Michoacan-Guanajuato volcanic field, Mexico}},
    volume = {16},
    year = {1988}
}

@article{Wadge1989,
    author = {Wadge, G. and Cross, A. M.},
    doi = {10.1080/01431168908903885},
    note = {{doi:10.1080/01431168908903885}},
    journal = {International Journal of Remote Sensing},
    pages = {455--474},
    title = {{Identification and analysis of the alignments of point-like features in remotely-sensed imagery. Volcanic cones in the Pinacate Volcanic Field, Mexico}},
    volume = {10},
    year = {1989}
}

@INPROCEEDINGS{Webb2001,
   author = {{Webb}, B. and {Head}, III, J.~W. and {Kortz}, B.~E. and {Pratt}, S.
	},
    title = {{Syria Planum, Mars: A Major Volcanic Construct in the Early History of Tharsis}},
booktitle = {Lunar and Planetary Institute Science Conference Abstracts},
     year = 2001,
   series = {Lunar and Planetary Institute Science Conference Abstracts},
   volume = 32,
    month = mar,
    pages = {1145},
   adsurl = {http://adsabs.harvard.edu/abs/2001LPI....32.1145W},
  adsnote = {Provided by the SAO/NASA Astrophysics Data System}
}

@article{Werner2011,
title = {{Redefinition of the crater-density and absolute-age boundaries for the chronostratigraphic system of Mars}},
journal = "Icarus",
volume = "215",
number = "2",
pages = "603 - 607",
year = "2011",
issn = "0019-1035",
doi = "10.1016/j.icarus.2011.07.024",
note = {{doi:10.1016/j.icarus.2011.07.024}},
url = "http://www.sciencedirect.com/science/article/pii/S001910351100296X",
author = "S.C. Werner and K.L. Tanaka",
keywords = "Mars",
keywords = "Mars, Surface",
keywords = "Moon",
keywords = "Cratering",
keywords = "Geological processes"
}

@article{WhitfordStark1982,
    author = {Whitford-Stark, J. L.},
    journal = {Earth Science Reviews},
    pages = {109--168},
    title = {{Factors influencing the morphology of volcanic landforms: An Earth-Moon comparison}},
    volume = {18},
    year = {1982}
}

@article{Wilson2002,
    author = {Wilson, L. and Head, J. W.},
    doi = {10.1029/2001JE001593},
    note = {{doi:10.1029/2001JE001593}},
    journal = {Journal of Geophysical Research},
    pages = {5057},
    title = {{Tharsis-radial graben systems as the surface manifestation of plume-related dike intrusion complexes: Models and implications}},
    volume = {107},
    number = {E8},
    year = {2002}
}

@article{Wilson2009,
    author = {Wilson, Lionel and Mouginis-Mark, Peter J. and Tyson, Shelly and Mackown, Jennifer and Garbeil, Harold},
    doi = {10.1016/j.jvolgeores.2009.03.006},
    note = {{doi:10.1016/j.jvolgeores.2009.03.006}},
    journal = {Journal of Volcanology and Geothermal Research},
    number = {1-2},
    pages = {28--46},
    title = {{Fissure eruptions in Tharsis, Mars: Implications for eruption conditions and magma sources}},
    volume = {185},
    year = {2009}
}

@misc{Wolfe1996,
    author = {Wolfe, E. W. and Morris, J.},
    howpublished = {USGS Miscellaneous Investigations Series Map I-2524-A},
    title = {{Geologic map of the Island of Hawaii, scale 1:100,000}},
    year = {1996}
}