% This file was created with JabRef 2.11.1.
% Encoding: ISO8859_1


@Article{Carr1977,
  Title                    = {{Some Martian volcanic features as viewed from the Viking orbiters}},
  Author                   = {Carr, M. H. and Greeley, R. and Blasius, K. R. and Guest, J. E. and Murray, J. B.},
  Journal                  = {Journal of Geophysical Research},
  Year                     = {1977},
  Pages                    = {3985--4015},
  Volume                   = {82},
  Keywords                 = {remote sensing, Mars, volcanism},
  Owner                    = {jacob},
  Timestamp                = {2013.07.17}
}

@Article{connor2012probabilistic,
  Title                    = {Probabilistic approach to modeling lava flow inundation: a lava flow hazard assessment for a nuclear facility in Armenia},
  Author                   = {Connor, Laura J and Connor, Charles B and Meliksetian, Khachatur and Savov, Ivan},
  Journal                  = {Journal of Applied Volcanology},
  Year                     = {2012},
  Number                   = {1},
  Pages                    = {1--19},
  Volume                   = {1},
  Doi                      = {10.1186/2191-5040-1-3},
  File                     = {:/home/jacob/academic/Papers/Earth/Connor et al 2012 - Lava Flow Hazards Assessment in Armenia.pdf:PDF},
  Keywords                 = {volcanism, Earth, hazards},
  Owner                    = {jacob},
  Publisher                = {Springer},
  Timestamp                = {2013.07.17}
}

@Article{elson2007living,
  Title                    = {Living with the volcano: the 11th century AD eruption of Sunset Crater},
  Author                   = {Elson, Mark D and Ort, Michael H and Anderson, Kirk C and Heidke, James M},
  Journal                  = {Living Under the Shadow: Cultural Impacts of Volcanic Eruptions},
  Year                     = {2007},
  Pages                    = {107},
  Volume                   = {53},
  Owner                    = {jacob},
  Publisher                = {Left Coast Press},
  Timestamp                = {2016.01.25}
}

@InCollection{greeley1977basaltic,
  Title                    = {{Basaltic ``plains'' volcanism}},
  Author                   = {Greeley, R.},
  Booktitle                = {{Volcanism of the Eastern Snake River Plain, Idaho: A Comparative Planetary Geology Guidebook, NASA CR-154621}},
  Publisher                = {NASA},
  Year                     = {1977},
  Address                  = {Washington, D. C.},
  Editor                   = {Greeley, R. and King, J. S.},
  Pages                    = {23--44},
  Keywords                 = {Earth, volcanism},
  Owner                    = {jacob},
  Timestamp                = {2013.07.17}
}

@Article{head1992venus,
  Title                    = {Venus volcanism: Classification of volcanic features and structures, associations, and global distribution from Magellan data},
  Author                   = {Head, James W and Crumpler, LS and Aubele, Jayne C and Guest, John E and Saunders, R Stephen},
  Journal                  = {Journal of Geophysical Research: Planets},
  Year                     = {1992},
  Number                   = {E8},
  Pages                    = {13153--13197},
  Volume                   = {97},
  Owner                    = {jacob},
  Publisher                = {Wiley Online Library},
  Timestamp                = {2016.01.25}
}

@MastersThesis{miller2012shield,
  Title                    = {Shield fields and shield plains on venus geologic characteristics and spatial relationships},
  Author                   = {Miller, Diana M},
  School                   = {State University of New York at Buffalo},
  Year                     = {2012},
  Type                     = {Thesis (M.S.)},
  Owner                    = {jacob},
  Timestamp                = {2016.01.25}
}

@Article{Richardson2013,
  Title                    = {The volcanic history of Syria Planum, Mars},
  Author                   = {Richardson, Jacob A and Bleacher, Jacob E and Glaze, Lori S},
  Journal                  = {Journal of Volcanology and Geothermal Research},
  Year                     = {2013},
  Pages                    = {1--13},
  Volume                   = {252},
  Doi                      = {10.1016/j.jvolgeores.2012.11.007},
  File                     = {:Richardson/Richardson et al 2013 - Volcanic History of Syria Planum Mars.pdf:PDF},
  Keywords                 = {volcanism, Tharsis, Syria Planum, Mars},
  Owner                    = {jacob},
  Timestamp                = {2013.07.17}
}

@InCollection{valentine2000basaltic,
  Title                    = {{Basaltic volcanic fields}},
  Author                   = {Valentine, G. A. and Connor, C. B.},
  Booktitle                = {Encyclopedia of Volcanoes},
  Publisher                = {Academic Press},
  Year                     = {2015},
  Address                  = {San Diego, CA},
  Editor                   = {Sigurdsson, H. and Houghton, B. and McNutt, S. and Rymer, H. and Styx, J.},
  Pages                    = {423-440},
  Keywords                 = {volcanism, Earth},
  Owner                    = {jacob},
  Timestamp                = {2015.01.17}
}

