% This file was created with JabRef 2.10.
% Encoding: ISO8859_1


@Article{avolio2006sciara,
  Title                    = {SCIARA $\gamma$2: An improved cellular automata model for lava flows and applications to the 2002 Etnean crisis},
  Author                   = {Avolio, Maria Vittoria and Crisci, Gino Mirocle and Di Gregorio, Salvatore and Rongo, Rocco and Spataro, William and Trunfio, Giuseppe A},
  Journal                  = {Computers \& Geosciences},
  Year                     = {2006},
  Number                   = {7},
  Pages                    = {876--889},
  Volume                   = {32},

  Owner                    = {jacob},
  Publisher                = {Elsevier},
  Timestamp                = {2015.05.03}
}

@Article{barca1994cellular,
  Title                    = {Cellular Automata for simulating lava flows: a method and examples of the Etnean eruptions},
  Author                   = {Barca, D and Crisci, GM and Gregorio, S Di and Nicoletta, F},
  Journal                  = {Transport theory and statistical physics},
  Year                     = {1994},
  Number                   = {1-3},
  Pages                    = {195--232},
  Volume                   = {23},

  Owner                    = {jacob},
  Publisher                = {Taylor \& Francis},
  Timestamp                = {2015.05.03}
}

@Article{bayarri2007framework,
  Title                    = {A framework for validation of computer models},
  Author                   = {Bayarri, Maria J and Berger, James O and Paulo, Rui and Sacks, Jerry and Cafeo, John A and Cavendish, James and Lin, Chin-Hsu and Tu, Jian},
  Journal                  = {Technometrics},
  Year                     = {2007},
  Number                   = {2},
  Volume                   = {49},

  Owner                    = {jacob},
  Timestamp                = {2015.05.03}
}

@ARTICLE{belousov2015overview,
  author = {Belousov, Alexander and Belousova, Marina and Edwards, Benjamin and
	Volynets, Anna and Melnikov, Dmitry},
  title = {Overview of the precursors and dynamics of the 2012--13 basaltic
	fissure eruption of Tolbachik Volcano, Kamchatka, Russia},
  journal = {Journal of Volcanology and Geothermal Research},
  year = {2015},
  volume = {299},
  pages = {19--34},
  owner = {jacob},
  publisher = {Elsevier},
  timestamp = {2015.07.09}
}

@Article{connor2012,
  Title                    = {Probabilistic approach to modeling lava flow inundation: a lava flow hazard assessment for a nuclear facility in Armenia},
  Author                   = {Connor, Laura J and Connor, Charles B and Meliksetian, Khachatur and Savov, Ivan},
  Journal                  = {Journal of Applied Volcanology},
  Year                     = {2012},
  Number                   = {1},
  Pages                    = {1--19},
  Volume                   = {1},

  Doi                      = {10.1186/2191-5040-1-3},
  File                     = {:/home/jacob/academic/Papers/Earth/Connor et al 2012 - Lava Flow Hazards Assessment in Armenia.pdf:PDF},
  Keywords                 = {volcanism, Earth, hazards},
  Owner                    = {jacob},
  Publisher                = {Springer},
  Timestamp                = {2013.07.17}
}

@Article{crisci2008lava,
  Title                    = {Lava-flow hazard on the SE flank of Mt. Etna (Southern Italy)},
  Author                   = {Crisci, GM and Iovine, G and Di Gregorio, S and Lupiano, V},
  Journal                  = {Journal of Volcanology and Geothermal Research},
  Year                     = {2008},
  Number                   = {4},
  Pages                    = {778--796},
  Volume                   = {177},

  Owner                    = {jacob},
  Publisher                = {Elsevier},
  Timestamp                = {2015.05.03}
}

@Article{crisci2004simulation,
  Title                    = {The simulation model SCIARA: the 1991 and 2001 lava flows at Mount Etna},
  Author                   = {Crisci, Gino M and Rongo, Rocco and Di Gregorio, Salvatore and Spataro, William},
  Journal                  = {Journal of Volcanology and Geothermal Research},
  Year                     = {2004},
  Number                   = {2},
  Pages                    = {253--267},
  Volume                   = {132},

  Owner                    = {jacob},
  Publisher                = {Elsevier},
  Timestamp                = {2015.05.03}
}

@Article{damiani2006lava,
  Title                    = {A lava flow simulation model for the development of volcanic hazard maps for Mount Etna (Italy)},
  Author                   = {Damiani, Maria Luisa and Groppelli, G and Norini, G and Bertino, Elisa and Gigliuto, A and Nucita, Andrea},
  Journal                  = {Computers \& geosciences},
  Year                     = {2006},
  Number                   = {4},
  Pages                    = {512--526},
  Volume                   = {32},

  Owner                    = {jacob},
  Publisher                = {Elsevier},
  Timestamp                = {2015.05.03}
}

@Article{del2008simulations,
  Title                    = {Simulations of the 2004 lava flow at Etna volcano using the magflow cellular automata model},
  Author                   = {Del Negro, Ciro and Fortuna, Luigi and Herault, Alexis and Vicari, Annamaria},
  Journal                  = {Bulletin of Volcanology},
  Year                     = {2008},
  Number                   = {7},
  Pages                    = {805--812},
  Volume                   = {70},

  Owner                    = {jacob},
  Publisher                = {Springer},
  Timestamp                = {2015.05.03}
}

@Article{Glaze2003,
  Title                    = {DEM flow path prediction algorithm for geologic mass movements},
  Author                   = {Glaze, LS and Baloga, SM},
  Journal                  = {Environmental \& Engineering Geoscience},
  Year                     = {2003},
  Number                   = {3},
  Pages                    = {225--240},
  Volume                   = {9},

  Doi                      = {10.2113/9.3.225},
  File                     = {:/home/jacob/academic/Papers/Earth/Glaze and Baloga 2003 - Path Finding.pdf:PDF},
  Keywords                 = {volcanism, Earth},
  Owner                    = {jacob},
  Publisher                = {Assoc Eng Geologists},
  Timestamp                = {2013.07.17}
}

@article{griffiths2000dynamics,
  title={The dynamics of lava flows},
  author={Griffiths, RW},
  journal={Annual Review of Fluid Mechanics},
  volume={32},
  number={1},
  pages={477--518},
  year={2000},
  Owner={jacob},
  timestamp={2015.11.18}
}

@Article{harris2001flowgo,
  Title                    = {FLOWGO: a kinematic thermo-rheological model for lava flowing in a channel},
  Author                   = {Harris, Andrew J and Rowland, S},
  Journal                  = {Bulletin of Volcanology},
  Year                     = {2001},
  Number                   = {1},
  Pages                    = {20--44},
  Volume                   = {63},

  Owner                    = {jacob},
  Publisher                = {Springer},
  Timestamp                = {2015.05.03}
}

@INCOLLECTION{harris2013lava,
  author = {Harris, AJL},
  title = {Lava Flows},
  booktitle = {Modeling volcanic processes: the physics and mathematics of volcanism},
  publisher = {Cambridge University Press},
  year = {2013},
  editor = {Fagents, Sarah A and Gregg, Tracy KP and Lopes, Rosaly MC},
  chapter = {Lava Flows},
  owner = {jacob},
  timestamp = {2015.07.09}
}

@Article{hidaka2005vtfs,
  Title                    = {VTFS project: Development of the lava flow simulation code LavaSIM with a model for three-dimensional convection, spreading, and solidification},
  Author                   = {Hidaka, Masataka and Goto, Akio and Umino, Susumu and Fujita, Eisuke},
  Journal                  = {Geochemistry, Geophysics, Geosystems},
  Year                     = {2005},
  Number                   = {7},
  Volume                   = {6},

  Owner                    = {jacob},
  Publisher                = {Wiley Online Library},
  Timestamp                = {2015.05.03}
}

@incollection{ishihara1990numerical,
  title={Numerical simulation of lava flows on some volcanoes in Japan},
  author={Ishihara, Kazuhiro and Iguchi, Masato and Kamo, Kosuke},
  booktitle={Lava Flows and Domes},
  pages={174--207},
  year={1990},
  publisher={Springer},
  owner = {jacob},
  timestamp = {2015.11.16}
}

@ARTICLE{kauahikaua1995applications,
  author = {Kauahikaua, Jim and Margriter, Sandy and Lockwood, Jack and Trusdell,
	Frank},
  title = {Applications of GIS to the estimation of lava flow hazards on Mauna
	Loa Volcano, Hawai'i},
  journal = {Mauna Loa Revealed: structure, composition, history, and hazards},
  year = {1995},
  pages = {315--325},
  owner = {jacob},
  publisher = {Wiley Online Library},
  timestamp = {2015.07.09}
}

@INCOLLECTION{kilburn2000lava,
  author = {Kilburn, CRJ},
  title = {Lava flow and flow fields},
  booktitle = {Encyclopedia of Volcanoes},
  publisher = {Academic Press},
  year = {2000},
  editor = {Sigurdsson, H.},
  pages = {331--343},
  address = {San Diego, CA},
  keywords = {volcanism, Earth},
  owner = {jacob},
  timestamp = {2013.07.17}
}

@ARTICLE{kubanek2015lava,
  author = {Kubanek, J. and Richardson, J. A. and Charbonnier, S. and Connor,
	L.},
  title = {Lava flow mapping and volume calculations of the 2012-13 {Tolbachik,
	Kamchatka} fissure eruption using bistatic {TanDEM-X InSAR}},
  journal = {Bulletin of Volcanology},
  year = {Submitted},
  owner = {jacob},
  timestamp = {2015.07.09}
}

@article{miyamoto1997simulating,
  title={Simulating lava flows by an improved cellular automata method},
  author={Miyamoto, Hideaki and Sasaki, Sho},
  journal={Computers \& Geosciences},
  volume={23},
  number={3},
  pages={283--292},
  year={1997},
  owner = {jacob},
  timestamp = {2015.11.16}
}

@ARTICLE{rodriguez2006global,
  author = {Rodr\'{i}guez, Ernesto and Morris, Charles S and Belz, J Eric},
  title = {A global assessment of the SRTM performance},
  journal = {Photogrammetric Engineering \& Remote Sensing},
  year = {2006},
  volume = {72},
  pages = {249--260},
  number = {3},
  owner = {jacob},
  publisher = {American Society for Photogrammetry and Remote Sensing},
  timestamp = {2015.07.09}
}
