% This file was created with JabRef 2.11.1.
% Encoding: ISO8859_1

@Article{baptista2008swarm,
  Title                    = {{A swarm of small shield volcanoes on Syria Planum, Mars}},
  Author                   = {Baptista, Ana R. and Mangold, Nicolas and Ansan, V\'{e}ronique and Baratoux, David and Lognonn\'{e}, Philippe and Alves, Eduardo I. and Williams, David A. and Bleacher, Jacob E. and Masson, Philippe and Neukum, Gerhard},
  Journal                  = {Journal of Geophysical Research},
  Year                     = {2008},
  Note                     = {{doi:10.1029/2007JE002945}},
  Number                   = {E9},
  Pages                    = {E09010},
  Volume                   = {113},
  Doi                      = {10.1029/2007JE002945},
  Keywords                 = {Tharsis, Syria Planum, Mars, volcanism},
  Owner                    = {jacob},
  Timestamp                = {2013.07.17}
}

@TechReport{bard2013database,
  Title                    = {Database for the Geologic Map of Newberry Volcano, Deschutes, Klamath, and Lake Counties, Oregon},
  Author                   = {Bard, Joseph A and Ramsey, David W and MacLeod, Norman S and Sherrod, David R and Chitwood, Lawrence A and Jensen, Robert A},
  Institution              = {US Geological Survey Data Series 771},
  Year                     = {2013},
  Owner                    = {jacob},
  Timestamp                = {2015.12.02}
}

@TechReport{barron2014database,
  Title                    = {Database for the geologic map of upper Eocene to Holocene volcanic and related rocks in the Cascade Range, Washington},
  Author                   = {Barron, Andrew D and Ramsey, David W and Smith, James G},
  Institution              = {US Geological Survey},
  Year                     = {2014},
  Doi                      = {10.3133/ds842},
  Owner                    = {jacob},
  Timestamp                = {2015.12.02}
}

@Article{bleacher2007tharsis,
  Title                    = {{Trends in effusive style at the Tharsis Montes, Mars, and implication for the development of the Tharsis province}},
  Author                   = {Bleacher, Jacob E. and Greeley, R. and Williams, D. A. and Cave, S. R. and Neukum, G.},
  Journal                  = {Journal of Geophysical Research},
  Year                     = {2007},
  Note                     = {{doi:10.1029/2006JE002873}},
  Pages                    = {E09005},
  Volume                   = {112},
  Doi                      = {10.1029/2006JE002873},
  Keywords                 = {Mars, Tharsis, volcanism},
  Owner                    = {jacob},
  Timestamp                = {2013.07.17}
}

@Article{bleacher2009spatial,
  Title                    = {{Spatial and alignment analyses for a field of small volcanic vents south of Pavonis Mons and implications for the Tharsis province, Mars}},
  Author                   = {Bleacher, Jacob E. and Glaze, Lori S. and Greeley, Ronald and Hauber, Ernst and Baloga, Stephen M. and Sakimoto, Susan E. H. and Williams, David A. and Glotch, Timothy D.},
  Journal                  = {Journal of Volcanology and Geothermal Research},
  Year                     = {2009},
  Number                   = {1--2},
  Pages                    = {96--102},
  Volume                   = {185},
  Doi                      = {10.1016/j.jvolgeores.2009.04.008}
}

@Article{Carr1977,
  Title                    = {{Some Martian volcanic features as viewed from the Viking orbiters}},
  Author                   = {Carr, M. H. and Greeley, R. and Blasius, K. R. and Guest, J. E. and Murray, J. B.},
  Journal                  = {Journal of Geophysical Research},
  Year                     = {1977},
  Pages                    = {3985--4015},
  Volume                   = {82},
  Keywords                 = {remote sensing, Mars, volcanism},
  Owner                    = {jacob},
  Timestamp                = {2013.07.17}
}

@Article{crumpler1996calderas,
  Title                    = {Calderas on Mars: Characteristics, structure, and associated flank deformation},
  Author                   = {Crumpler, LS and Head, James W and Aubele, Jayne C},
  Journal                  = {Geological Society, London, Special Publications},
  Year                     = {1996},
  Number                   = {1},
  Pages                    = {307--348},
  Volume                   = {110},
  Doi                      = {10.1144/GSL.SP.1996.110.01.24},
  Owner                    = {jacob},
  Publisher                = {Geological Society of London},
  Timestamp                = {2015.10.07}
}

@Article{condit2010dynamic,
  Title                    = {Dynamic Digital Map of the Springerville Volcanic Field and the DDM-Template: An example of an open-source tool to distribute maps, data, articles, and multi-media materials},
  Author                   = {Condit, Christopher D},
  Journal                  = {Geosphere},
  Year                     = {2010},
  Number                   = {4},
  Pages                    = {430--443},
  Volume                   = {6},
  Publisher                = {Geological Society of America}
}

@Article{connor1995three,
  Title                    = {Three nonhomogeneous Poisson models for the probability of basaltic volcanism: application to the Yucca Mountain region, Nevada},
  Author                   = {Connor, Charles B and Hill, Brittain E},
  Journal                  = {Journal of Geophysical Research: Solid Earth (1978--2012)},
  Year                     = {1995},
  Number                   = {B6},
  Pages                    = {10107--10125},
  Volume                   = {100},
  Publisher                = {Wiley Online Library}
}

@article{head1992venus,
  title={Venus volcanism: Classification of volcanic features and structures, associations, and global distribution from Magellan data},
  author={Head, James W and Crumpler, LS and Aubele, Jayne C and Guest, John E and Saunders, R Stephen},
  journal={Journal of Geophysical Research: Planets},
  volume={97},
  number={E8},
  pages={13153--13197},
  year={1992},
  publisher={Wiley Online Library}
}


@article{guest1992small,
  title={Small volcanic edifices and volcanism in the plains of Venus},
  author={Guest, John E and Bulmer, Mark H and Aubele, Jayne and Beratan, Kathi and Greeley, Ronald and Head, James W and Michaels, Gregory and Weitz, Catherine and Wiles, Charles},
  journal={Journal of Geophysical Research: Planets},
  volume={97},
  number={E10},
  pages={15949--15966},
  year={1992}
}


@MastersThesis{harburger2014probabilistic,
  Title                    = {Probabilistic Modeling of Lava Flows: A Hazard Assessment for the San Francisco Volcanic Field, Arizona},
  Author                   = {Harburger, Aleeza M},
  School                   = {University of South Florida},
  Year                     = {2014},
  Owner                    = {jacob},
  Timestamp                = {2015.12.02}
}

@MastersThesis{hintz2008physical,
  Title                    = {Physical volcanology and hazard analysis of a young monogenetic volcanic field: {Black Rock Desert, Utah}},
  Author                   = {Hintz, A.R.},
  School                   = {University of South Florida},
  Year                     = {2008},
  File                     = {:home/jacob/academic/Papers/Earth/Hintz 2008 - Physical volcanology and hazard analysis of Black Rock desert Utah.pdf:PDF},
  Owner                    = {jacob},
  Timestamp                = {2015.02.13}
}

@Article{kiyosugi2012relationship,
  Title                    = {Relationship between dike and volcanic conduit distribution in a highly eroded monogenetic volcanic field: {San Rafael, Utah, USA}},
  Author                   = {Kiyosugi, K. and Connor, C.B. and Wetmore, P.H. and Ferwerda, B.P. and Germa, A.M. and Connor, L.J. and Hintz, A.R.},
  Journal                  = {Geology},
  Year                     = {2012},
  Number                   = {8},
  Pages                    = {695--698},
  Volume                   = {40},
  Doi                      = {10.1130/G33074.1},
  File                     = {:/home/jacob/academic/Papers/Earth/Kiyosugi et al 2012 - San Rafael Volcanic Field.pdf:PDF},
  Keywords                 = {Earth, volcanism, dikes, conduits, San Rafael},
  Owner                    = {jacob},
  Publisher                = {Geological Society of America},
  Timestamp                = {2013.07.17}
}

@Article{kiyosugi2010relationships,
  Title                    = {Relationships between volcano distribution, crustal structure, and P-wave tomography: an example from the Abu Monogenetic Volcano Group, SW Japan},
  Author                   = {Kiyosugi, Koji and Connor, CB and Zhao, D and Connor, LJ and Tanaka, K},
  Journal                  = {Bulletin of volcanology},
  Year                     = {2010},
  Number                   = {3},
  Pages                    = {331--340},
  Volume                   = {72},
  Publisher                = {Springer}
}

@MastersThesis{miller2012shield,
  Title                    = {Shield fields and shield plains on venus geologic characteristics and spatial relationships},
  Author                   = {Miller, Diana M},
  School                   = {State University of New York at Buffalo},
  Year                     = {2012},
  Type                     = {Thesis (M.S.)}
}

@inproceedings{richardson2012comparison,
  title={Comparison of monogenetic volcano clusters on Earth, Venus, and Mars},
  author={Richardson, JA and Miller, DM and Bleacher, JE and Connor, C and Gregg, TK and Connor, LJ and Glaze, LS},
  booktitle={AGU Fall Meeting Abstracts},
  volume={1},
  pages={04},
  year={2012}
}

@Article{richardson2013volcanic,
  Title                    = {The volcanic history of Syria Planum, Mars},
  Author                   = {Richardson, Jacob A and Bleacher, Jacob E and Glaze, Lori S},
  Journal                  = {Journal of Volcanology and Geothermal Research},
  Year                     = {2013},
  Pages                    = {1--13},
  Volume                   = {252}
}

@Article{tanaka1986migration,
  Title                    = {Migration of volcanism in the San Francisco volcanic field, Arizona},
  Author                   = {Tanaka, Kenneth L and Shoemaker, Eugene M and Ulrich, George E and Wolfe, Edward W},
  Journal                  = {Geological Society of America Bulletin},
  Year                     = {1986},
  Number                   = {2},
  Pages                    = {129--141},
  Volume                   = {97},
  Doi                      = {10.1130/0016-7606(1986)97<129:MOVITS>2.0.CO;2},
  File                     = {:Earth/Tanaka et al 1986 - Migration of volcanism in the San Francisco volcanic field.pdf:PDF},
  Owner                    = {jacob},
  Publisher                = {Geological Society of America},
  Timestamp                = {2015.01.26}
}

@Article{uslular2015size,
  Title                    = {Size-distribution of scoria cones within the E{\u{g}}rikuyu Monogenetic Field (Central Anatolia, Turkey)},
  Author                   = {Uslular, G and Gen{\c{c}}alio{\u{g}}lu-Ku{\c{s}}cu, G and Arcasoy, A},
  Journal                  = {Journal of Volcanology and Geothermal Research},
  Year                     = {2015},
  Doi                      = {10.1016/j.jvolgeores.2015.05.006},
  Owner                    = {jacob},
  Timestamp                = {2015.12.02}
}

