% This file was created with JabRef 2.11.
% Encoding: ISO8859_1


@Article{baloga2003rheology,
  Title                    = {Rheology of a long lava flow at Pavonis Mons, Mars},
  Author                   = {Baloga, SM and Mouginis-Mark, PJ and Glaze, LS},
  Journal                  = {Journal of Geophysical Research: Planets},
  Year                     = {2003},
  Number                   = {E7},
  Volume                   = {108},
  Doi                      = {10.1029/2002JE001981},
  File                     = {:Mars/Baloga et al 2003 - Rheology of a lava flow at Pavonis.pdf:PDF},
  Owner                    = {jacob},
  Publisher                = {Wiley Online Library},
  Timestamp                = {2015.10.07}
}

@Article{bleacher2007tharsis,
  Title                    = {{Trends in effusive style at the Tharsis Montes, Mars, and implication for the development of the Tharsis province}},
  Author                   = {Bleacher, Jacob E. and Greeley, R. and Williams, D. A. and Cave, S. R. and Neukum, G.},
  Journal                  = {Journal of Geophysical Research},
  Year                     = {2007},
  Note                     = {{doi:10.1029/2006JE002873}},
  Pages                    = {E09005},
  Volume                   = {112},
  Doi                      = {10.1029/2006JE002873},
  Keywords                 = {Mars, Tharsis, volcanism},
  Owner                    = {jacob},
  Timestamp                = {2013.07.17}
}

@Article{bleacher2007olympus,
  Title                    = {Olympus Mons, Mars: Inferred changes in late Amazonian aged effusive activity from lava flow mapping of Mars Express High Resolution Stereo Camera data},
  Author                   = {Bleacher, Jacob E and Greeley, Ronald and Williams, David A and Werner, Stephanie C and Hauber, Ernst and Neukum, Gerhard},
  Journal                  = {Journal of Geophysical Research: Planets},
  Year                     = {2007},
  Number                   = {E4},
  Volume                   = {112},
  Doi                      = {10.1029/2006JE002826},
  File                     = {:Mars/Bleacher et al 2007 - Olympus Mons change in effusive style.pdf:PDF},
  Owner                    = {jacob},
  Timestamp                = {2015.10.07}
}

@Article{carr1977some,
  Title                    = {{Some Martian volcanic features as viewed from the Viking orbiters}},
  Author                   = {Carr, M. H. and Greeley, R. and Blasius, K. R. and Guest, J. E. and Murray, J. B.},
  Journal                  = {Journal of Geophysical Research},
  Year                     = {1977},
  Pages                    = {3985--4015},
  Volume                   = {82},
  Keywords                 = {remote sensing, Mars, volcanism},
  Owner                    = {jacob},
  Timestamp                = {2013.07.17}
}

@Article{chadwick2015late,
  Title                    = {Late Amazonian subsidence and magmatism of Olympus Mons, Mars},
  Author                   = {Chadwick, John and McGovern, Patrick and Simpson, Mariel and Reeves, Ashleigh},
  Journal                  = {Journal of Geophysical Research: Planets},
  Year                     = {2015},
  Doi                      = {10.1002/2015JE004875},
  File                     = {:Mars/Chadwick et al 2015 - Late Amazonian subsidence and magmatism of Olympus Mons.pdf:PDF},
  Owner                    = {jacob},
  Timestamp                = {2015.10.07}
}

@Article{crumpler1978structural,
  Title                    = {Structural evolution of {Arsia Mons, Pavonis Mons, and Ascreus Mons: Tharsis region of Mars}},
  Author                   = {Crumpler, LS and Aubele, JC},
  Journal                  = {Icarus},
  Year                     = {1978},
  Number                   = {3},
  Pages                    = {496--511},
  Volume                   = {34},
  Doi                      = {10.1016/0019-1035(78)90041-6},
  File                     = {:Mars/Crumpler and Aubele 1978 - Structural evolution of the Tharsis Montes.pdf:PDF},
  Owner                    = {jacob},
  Timestamp                = {2015.10.07}
}

@Article{crumpler1996calderas,
  Title                    = {Calderas on Mars: Characteristics, structure, and associated flank deformation},
  Author                   = {Crumpler, LS and Head, James W and Aubele, Jayne C},
  Journal                  = {Geological Society, London, Special Publications},
  Year                     = {1996},
  Number                   = {1},
  Pages                    = {307--348},
  Volume                   = {110},
  Doi                      = {10.1144/GSL.SP.1996.110.01.24},
  Owner                    = {jacob},
  Publisher                = {Geological Society of London},
  Timestamp                = {2015.10.07}
}

@Article{glaze2003methodology,
  Title                    = {A methodology for constraining lava flow rheologies with MOLA},
  Author                   = {Glaze, Lori S and Baloga, Stephen M and Stofan, Ellen R},
  Journal                  = {Icarus},
  Year                     = {2003},
  Number                   = {1},
  Pages                    = {26--33},
  Volume                   = {165},
  Doi                      = {10.1016/S0019-1035(03)00171-4},
  Owner                    = {jacob},
  Publisher                = {Elsevier},
  Timestamp                = {2015.10.07}
}

@Article{greeley1991magma,
  Title                    = {Magma generation on Mars: Amounts, rates, and comparisons with Earth, Moon, and Venus},
  Author                   = {Greeley, Ronald and Schneid, Byron D},
  Journal                  = {Science},
  Year                     = {1991},
  Number                   = {5034},
  Pages                    = {996},
  Volume                   = {254},
  Doi                      = {10.1126/science.254.5034.996},
  File                     = {:Mars/Greely and Schneid 1991 - Magma generation on Mars amounts and rates.pdf:PDF},
  Owner                    = {jacob},
  Timestamp                = {2015.10.07}
}

@Article{grott2013long,
  Title                    = {Long-term evolution of the Martian crust-mantle system},
  Author                   = {Grott, Matthias and Baratoux, David and Hauber, Ernst and Sautter, V and Mustard, J and Gasnault, O and Ruff, Steven W and Karato, S-I and Debaille, Vinciane and Knapmeyer, Martin and others},
  Journal                  = {Space science reviews},
  Year                     = {2013},
  Number                   = {1-4},
  Pages                    = {49--111},
  Volume                   = {174},
  Doi                      = {10.1007/s11214-012-9948-3},
  File                     = {:Mars/Grott et al 2013 - Long-term evolution of the martian crust-mantle.pdf:PDF},
  Owner                    = {jacob},
  Timestamp                = {2015.10.07}
}

@Article{halevy2014episodic,
  Title                    = {Episodic warming of early Mars by punctuated volcanism},
  Author                   = {Halevy, Itay and Head III, James W},
  Journal                  = {Nature Geoscience},
  Year                     = {2014},
  Doi                      = {10.1038/ngeo2293},
  Owner                    = {jacob},
  Timestamp                = {2015.10.07}
}

@Article{hartmann2005martian,
  Title                    = {{Martian cratering 8: Isochron refinement and the chronology of {Mars}}},
  Author                   = {William K. Hartmann},
  Journal                  = {Icarus},
  Year                     = {2005},
  Note                     = {{doi:10.1016/j.icarus.2004.11.023}},
  Number                   = {2},
  Pages                    = {294 - 320},
  Volume                   = {174},
  Doi                      = {10.1016/j.icarus.2004.11.023},
  ISSN                     = {0019-1035},
  Keywords                 = {Mars, cratering processes, Mars},
  Owner                    = {jacob},
  Timestamp                = {2013.07.17}
}

@Article{hauber2011very,
  Title                    = {{Very recent and wide-spread basaltic volcanism on Mars}},
  Author                   = {Hauber, E. and Bro\v{z}, P. and Jagert, F. and Jod\l~owski, P. and Platz, T.},
  Journal                  = {Geophysical Research Letters},
  Year                     = {2011},
  Note                     = {{doi:10.1029/2011GL047310}},
  Pages                    = {L10201},
  Volume                   = {38},
  Doi                      = {10.1029/2011GL047310},
  File                     = {:/home/jacob/academic/Papers/Mars/Hauber et al 2011 - Recent volcanism on Mars.pdf:PDF},
  Keywords                 = {volcanism, Mars, Tharsis},
  Owner                    = {jacob},
  Timestamp                = {2013.07.17}
}

@Article{head2003cold,
  Title                    = {Cold-based mountain glaciers on Mars: western Arsia Mons},
  Author                   = {Head, James W and Marchant, David R},
  Journal                  = {Geology},
  Year                     = {2003},
  Number                   = {7},
  Pages                    = {641--644},
  Volume                   = {31},
  Doi                      = {10.1130/0091-7613(2003) 031<0641:CMGOMW> 2.0.CO;2},
  File                     = {:Mars/Head and Marchant 2003 - Cold-based glaciers on Arsia.pdf:PDF},
  Owner                    = {jacob},
  Timestamp                = {2015.10.07}
}

@Article{head2014preservation,
  Title                    = {Preservation of ancient ice at Pavonis and Arsia Mons: tropical mountain glacier deposits on Mars},
  Author                   = {Head, James W and Weiss, David K},
  Journal                  = {Planetary and Space Science},
  Year                     = {2014},
  Pages                    = {331--338},
  Volume                   = {103},
  Doi                      = {10.1016/j.pss.2014.09.004},
  File                     = {:Mars/Head and Weiss 2014 - Preservation of ice at Pavonis and Arsia.pdf:PDF},
  Owner                    = {jacob},
  Timestamp                = {2015.10.07}
}

@Article{hiesinger2007young,
  Title                    = {Young lava flows on the eastern flank of Ascraeus Mons: Rheological properties derived from High Resolution Stereo Camera (HRSC) images and Mars Orbiter Laser Altimeter (MOLA) data},
  Author                   = {Hiesinger, H and Head, JW and Neukum, G},
  Journal                  = {Journal of Geophysical Research: Planets},
  Year                     = {2007},
  Number                   = {E5},
  Volume                   = {112},
  Doi                      = {10.1029/2006JE002717},
  File                     = {:Mars/Hiesinger et al 2007 - Young lava flows on Ascraeus Mons.pdf:PDF},
  Owner                    = {jacob},
  Timestamp                = {2015.10.07}
}

@Article{kadish2014middle,
  Title                    = {Middle to Late Amazonian tropical mountain glaciers on Mars: The ages of the Tharsis Montes fan-shaped deposits},
  Author                   = {Kadish, Seth J and Head, James W and Fastook, James L and Marchant, David R},
  Journal                  = {Planetary and Space Science},
  Year                     = {2014},
  Pages                    = {52--59},
  Volume                   = {91},
  Doi                      = {10.1016/j.pss.2013.12.005},
  File                     = {:Mars/Kadish et al 2014 - Amazonian tropical glaciers on Mars.pdf:PDF},
  Owner                    = {jacob},
  Timestamp                = {2015.10.07}
}

@Article{mege1996plume,
  Title                    = {{A plume tectonics model for the Tharsis Province, Mars}},
  Author                   = {M\`{e}ge, D. and Masson, P.},
  Journal                  = {Planetary and Space Science},
  Year                     = {1996},
  Pages                    = {1499--1546},
  Volume                   = {44},
  File                     = {:/home/jacob/academic/Papers/Mars/Mege Masson 1996 - Plume tectonics model for Tharsis.pdf:PDF},
  Keywords                 = {volcanism, Tharsis, Mars},
  Owner                    = {jacob},
  Timestamp                = {2013.07.17}
}

@Article{malin2007context,
  Title                    = {{Context Camera Investigation on board the Mars Reconnaissance Orbiter}},
  Author                   = {Malin, Michael C. and Bell, James F. and Cantor, Bruce A. and Caplinger, Michael A. and Calvin, Wendy M. and Clancy, R. Todd and Edgett, Kenneth S. and Edwards, Lawrence and Haberle, Robert M. and James, Philip B. and Lee, Steven W. and Ravine, Michael A. and Thomas, Peter C. and Wolff, Michael J.},
  Journal                  = {Journal of Geophysical Research},
  Year                     = {2007},
  Note                     = {{doi:10.1029/2006JE002808}},
  Number                   = {E5},
  Pages                    = {E05S04},
  Volume                   = {112},
  Doi                      = {10.1029/2006JE002808},
  Keywords                 = {Mars, remote sensing},
  Owner                    = {jacob},
  Timestamp                = {2013.07.17}
}

@Article{michael2013planetary,
  Title                    = {Planetary surface dating from crater size--frequency distribution measurements: Multiple resurfacing episodes and differential isochron fitting},
  Author                   = {Michael, GG},
  Journal                  = {Icarus},
  Year                     = {2013},
  Number                   = {1},
  Pages                    = {885--890},
  Volume                   = {226},
  Doi                      = {10.1016/j.icarus.2013.07.004},
  Owner                    = {jacob},
  Timestamp                = {2015.11.18}
}

@Article{Michael2010,
  Title                    = {{Planetary surface dating from crater size--frequency distribution measurements: Partial resurfacing events and statistical age uncertainty}},
  Author                   = {G.G. Michael and G. Neukum},
  Journal                  = {Earth and Planetary Science Letters},
  Year                     = {2010},
  Note                     = {{doi:10.1016/j.epsl.2009.12.041}},
  Pages                    = {223 - 229},
  Volume                   = {294},
  Doi                      = {10.1016/j.epsl.2009.12.041},
  ISSN                     = {0012-821X},
  Keywords                 = {cratering processes, Mars},
  Owner                    = {jacob},
  Timestamp                = {2013.07.17}
}

@Article{mouginis2002prodigious,
  Title                    = {Prodigious ash deposits near the summit of Arsia Mons volcano, Mars},
  Author                   = {Mouginis-Mark, Peter J},
  Journal                  = {Geophysical research letters},
  Year                     = {2002},
  Number                   = {16},
  Pages                    = {15--1},
  Volume                   = {29},
  Doi                      = {10.1029/2002GL015296},
  File                     = {:Mars/Mouginis-Mark 2002 - Ash deposits on Arsia Mons.pdf:PDF},
  Owner                    = {jacob},
  Timestamp                = {2015.10.07}
}

@Article{mouginis2008lava,
  Title                    = {Lava flows at Arsia Mons, Mars: Insights from a graben imaged by HiRISE},
  Author                   = {Mouginis-Mark, Peter J and Rowland, Scott K},
  Journal                  = {Icarus},
  Year                     = {2008},
  Number                   = {1},
  Pages                    = {27--36},
  Volume                   = {198},
  Doi                      = {10.1016/j.icarus.2008.06.015},
  File                     = {:Mars/Mouginis-Mark and Rowland 2008 - Lava at Arsia Mons in graben HiRISE.pdf:PDF},
  Owner                    = {jacob},
  Timestamp                = {2015.10.07}
}

@Article{neukum2004recent,
  Title                    = {{Recent and episodic volcanic and glacial activity on Mars revealed by the High Resolution Stereo Camera}},
  Author                   = {Neukum, G. and Jaumann, R. and Hoffmann, H. and Hauber, E. and Head, J. W. and Basilevsky, A. T. and Ivanov, B. A. and Werner, S. C. and van Gasselt, S. and Murray, J. B. and McCord, T. and {The HRSC Co-Investigator Team}},
  Journal                  = {Nature},
  Year                     = {2004},
  Note                     = {{doi:10.1038/nature03231}},
  Number                   = {7020},
  Pages                    = {971--979},
  Volume                   = {432},
  Doi                      = {10.1038/nature03231},
  File                     = {:Mars/Neukum et al 2004 - Recent volcanic and glacial activity with HRSC.pdf:PDF},
  Keywords                 = {remote sensing, Mars},
  Owner                    = {jacob},
  Publisher                = {Nature Publishing Group},
  Timestamp                = {2013.07.17}
}

@Article{pasckert2012rheologies,
  Title                    = {Rheologies and ages of lava flows on Elysium Mons, Mars},
  Author                   = {Pasckert, Jan Hendrik and Hiesinger, Harald and Reiss, Dennis},
  Journal                  = {Icarus},
  Year                     = {2012},
  Number                   = {1},
  Pages                    = {443--457},
  Volume                   = {219},
  Doi                      = {10.1016/j.icarus.2012.03.014},
  File                     = {:Mars/Pasckert et al 2012 - Rheology of lavas on Elysium Mons.pdf:PDF},
  Owner                    = {jacob},
  Timestamp                = {2015.10.07}
}

@Article{platz2011eruption,
  Title                    = {Eruption history of the Elysium volcanic province, Mars},
  Author                   = {Platz, Thomas and Michael, Gregory},
  Journal                  = {Earth and Planetary Science Letters},
  Year                     = {2011},
  Number                   = {1},
  Pages                    = {140--151},
  Volume                   = {312},
  Doi                      = {10.1016/j.epsl.2011.10.001},
  File                     = {:Mars/Platz and Michael 2011 - Eruption history of Elysium Volcanic Province.pdf:PDF},
  Owner                    = {jacob},
  Timestamp                = {2015.10.07}
}

@Article{plescia2004morphometric,
  Title                    = {{Morphometric properties of Martian volcanoes}},
  Author                   = {Plescia, J. B.},
  Journal                  = {Journal of Geophysical Research},
  Year                     = {2004},
  Note                     = {{doi:10.1029/2002JE002031}},
  Number                   = {E3},
  Pages                    = {E03003},
  Volume                   = {109},
  Doi                      = {10.1029/2002JE002031},
  Keywords                 = {volcanism, Mars},
  Owner                    = {jacob},
  Timestamp                = {2013.07.17}
}

@Article{richardson2013volcanic,
  Title                    = {The volcanic history of Syria Planum, Mars},
  Author                   = {Richardson, Jacob A and Bleacher, Jacob E and Glaze, Lori S},
  Journal                  = {Journal of Volcanology and Geothermal Research},
  Year                     = {2013},
  Pages                    = {1--13},
  Volume                   = {252},
  Doi                      = {10.1016/j.jvolgeores.2012.11.007},
  File                     = {:Richardson/Richardson et al 2013 - Volcanic History of Syria Planum Mars.pdf:PDF},
  Keywords                 = {volcanism, Tharsis, Syria Planum, Mars},
  Owner                    = {jacob},
  Timestamp                = {2013.07.17}
}

@Article{robbins2011volcanic,
  Title                    = {The volcanic history of Mars: High-resolution crater-based studies of the calderas of 20 volcanoes},
  Author                   = {Robbins, Stuart J and Di Achille, Gaetano and Hynek, Brian M},
  Journal                  = {Icarus},
  Year                     = {2011},
  Number                   = {2},
  Pages                    = {1179--1203},
  Volume                   = {211},
  Doi                      = {10.1016/j.icarus.2010.11.012},
  File                     = {:Mars/Robbins et al 2011 - Crater-based studies of 20 calderas on Mars.pdf:PDF},
  Owner                    = {jacob},
  Timestamp                = {2015.10.07}
}

@Article{scanlon2015remnant,
  Title                    = {Remnant buried ice in the equatorial regions of Mars: Morphological indicators associated with the Arsia Mons tropical mountain glacier deposits},
  Author                   = {Scanlon, Kathleen E and Head, James W and Marchant, David R},
  Journal                  = {Planetary and Space Science},
  Year                     = {2015},
  Pages                    = {144--154},
  Volume                   = {111},
  Doi                      = {10.1016/j.pss.2015.03.024},
  File                     = {:Mars/Scanlon et al 2015 - Remnant ice at equatorial Mars.pdf:PDF},
  Owner                    = {jacob},
  Timestamp                = {2015.10.07}
}

@Article{scanlon2015volcanism,
  Title                    = {Volcanism-induced, local wet-based glacial conditions recorded in the Late Amazonian Arsia Mons tropical mountain glacier deposits},
  Author                   = {Scanlon, Kathleen E and Head, James W and Marchant, David R},
  Journal                  = {Icarus},
  Year                     = {2015},
  Pages                    = {18--31},
  Volume                   = {250},
  Doi                      = {10.1016/j.icarus.2014.11.016},
  File                     = {:Mars/Scanlon et al 2015 - Volcanism wet-based glacial conditions at Arsia.pdf:PDF},
  Owner                    = {jacob},
  Timestamp                = {2015.10.07}
}

@TechReport{scott1995geologic,
  Title                    = {Geologic map of Arsia Mons volcano, Mars},
  Author                   = {Scott, David Holcomb and Zimbelman, James R},
  Institution              = {USGS},
  Year                     = {1995},
  Number                   = {IMAP 2480},
  File                     = {:Mars/Scott and Zimbelman 1995 - Geologic map of Arsia Mons Volcano.pdf:PDF},
  Owner                    = {jacob},
  Timestamp                = {2015.10.07}
}

@Article{shean2007recent,
  Title                    = {Recent glaciation at high elevations on Arsia Mons, Mars: Implications for the formation and evolution of large tropical mountain glaciers},
  Author                   = {Shean, David E and Head, James W and Fastook, James L and Marchant, David R},
  Journal                  = {Journal of Geophysical Research: Planets},
  Year                     = {2007},
  Number                   = {E3},
  Volume                   = {112},
  Doi                      = {10.1029/2006JE002761},
  File                     = {:Mars/Shean et al 2007 - Recent glaciation on Arsia Mons.pdf:PDF},
  Owner                    = {jacob},
  Timestamp                = {2015.10.07}
}

@Misc{smith2003mars,
  Title                    = {{Mars Global Surveyor Laser Altimeter Mission Experiment Gridded Data Record.}},
  Author                   = {Smith, D. E. and M. T. Zuber and G. A. Neumann and E. A. Guinness and S. Slavney},
  HowPublished             = {NASA Planetary Data System, MGS-M-MOLA-5-MEGDR-L3-V1.0.},
  Year                     = {2003},
  Keywords                 = {Mars, remote sensing},
  Owner                    = {jacob},
  Timestamp                = {2013.07.17}
}

@Article{vaucher2009volcanic,
  Title                    = {The volcanic history of central Elysium Planitia: Implications for martian magmatism},
  Author                   = {Vaucher, J and Baratoux, D and Mangold, N and Pinet, P and Kurita, K and Gr{\'e}goire, M},
  Journal                  = {Icarus},
  Year                     = {2009},
  Number                   = {2},
  Pages                    = {418--442},
  Volume                   = {204},
  Doi                      = {10.1016/j.icarus.2009.06.032},
  File                     = {:Mars/Vaucher et al 2009 - Volcanic history of Central Elysium Planitia.pdf:PDF},
  Owner                    = {jacob},
  Timestamp                = {2015.10.07}
}

@Article{werner2009global,
  Title                    = {The global martian volcanic evolutionary history},
  Author                   = {Werner, Stephanie C},
  Journal                  = {Icarus},
  Year                     = {2009},
  Number                   = {1},
  Pages                    = {44--68},
  Volume                   = {201},
  Doi                      = {10.1016/j.icarus.2008.12.019},
  File                     = {:Mars/Werner 2009 - Global martian volcanic history.pdf:PDF},
  Owner                    = {jacob},
  Timestamp                = {2015.10.07}
}

@Article{wilson1994mars,
  Title                    = {Mars: Review and analysis of volcanic eruption theory and relationships to observed landforms},
  Author                   = {Wilson, Lionel and Head, James W},
  Journal                  = {Reviews of Geophysics},
  Year                     = {1994},
  Number                   = {3},
  Pages                    = {221--263},
  Volume                   = {32},
  Doi                      = {10.1029/94RG01113},
  File                     = {:Mars/Wilson and Head 1994 - Mars Volcanic eruption theory.pdf:PDF},
  Owner                    = {jacob},
  Timestamp                = {2015.10.07}
}

@Article{wilson2009tephra,
  Title                    = {Tephra deposition on glaciers and ice sheets on Mars: Influence on ice survival, debris content and flow behavior},
  Author                   = {Wilson, Lionel and Head, James W},
  Journal                  = {Journal of Volcanology and Geothermal Research},
  Year                     = {2009},
  Number                   = {4},
  Pages                    = {290--297},
  Volume                   = {185},
  Doi                      = {10.1016/j.jvolgeores.2008.10.003},
  File                     = {:Mars/Wilson and Head 2009 - Tephra on glaciers on Mars.pdf:PDF},
  Owner                    = {jacob},
  Timestamp                = {2015.10.07}
}

@Article{wilson2001evidence,
  Title                    = {Evidence for episodicity in the magma supply to the large Tharsis volcanoes},
  Author                   = {Wilson, Lionel and Scott, Evelyn D and Head, James W},
  Journal                  = {Journal of Geophysical Research: Planets},
  Year                     = {2001},
  Number                   = {E1},
  Pages                    = {1423--1433},
  Volume                   = {106},
  Doi                      = {10.1029/2000JE001280},
  File                     = {:Mars/Wilson et al 2001 - Episodic magma supply of Martian shields.pdf:PDF},
  Owner                    = {jacob},
  Timestamp                = {2015.10.07}
}

